4652 5937
1442 324 2213 438 GALLIEst.3

239 511 391 583 A'R.
430 514 627 599 (Mus.
658 511 877 595 Caes.)
904 510 1052 581 vil.
1092 509 1163 572 P.
1188 510 1329 577 Vll.
1366 509 1443 577 F.
1478 511 1736 591 (Band.)

238 618 453 685 LEG.
503 617 705 686 v1111.
769 616 970 682 AVG.
1016 615 1127 681 Vl.
1188 614 1264 672 P.
1309 612 1419 679 Vl.
1465 613 1541 675 F.
1588 616 1741 679 Lea.

236 705 444 803 (Mus.
500 719 720 797 Caes.)
824 718 1015 779 Alter
1075 727 1229 797 typo
1280 717 1616 780 Victoriae
1675 725 1742 777 et

236 824 540 905 aquilae,
587 803 978 905 quem-cum
1026 814 1257 891 eadem
1308 815 1736 898 inscriptione

236 922 651 995 Bandurius,
713 933 780 982 et
827 918 907 981 ab
962 918 1091 981 hoe
1137 919 1456 1001 deceptus
1499 935 1626 1000 ego
1669 916 1738 978 in
1800 923 1804 926 *

241 1025 564 1107 Catalogo
613 1043 777 1084 mus.
831 1022 1018 1083 Caes.
1071 1018 1451 1093 citavimus,
1515 1018 1742 1101 legen-

240 1126 370 1188 dus
415 1125 589 1189 haud
634 1122 832 1185 dubie
860 1120 1075 1183 -LEG.
1120 1123 1202 1189 V.
1252 1120 1457 1181 MAG.
1544 1119 1741 1180 Certe

243 1226 609 1291 Caesareus
638 1248 673 1287 a
706 1244 811 1285 me
843 1243 1102 1285 rursum
1141 1235 1384 1286 attente
1411 1221 1744 1305 inspectus

243 1345 387 1388 non
416 1325 598 1388 aliud
632 1327 845 1388 «locet.

242 1426 448 1489 LEG.
490 1427 571 1487 X.
618 1429 831 1489 GEM.
875 1427 985 1495 VI.
1030 1426 1109 1486 Ρ.
1150 1426 1267 1544 VI.
1315 1425 1394 1488 F.
1473 1424 1742 1485 Taurus.

245 1530 392 1592 AR.
422 1531 623 1610 (Μυε.
657 1527 873 1605 Caes.)

245 1629 602 1695 LEG.X1.
643 1631 775 1693 CL.
820 1628 933 1694 VI.
977 1629 1050 1688 P.
1096 1624 1208 1692 VI.
1255 1623 1334 1687 F.
1414 1628 1747 1702 Neptunus

250 1744 437 1796 dana
478 1737 546 1795 d.
604 1735 970 1803 tridentem,
1032 1750 1083 1791 ε.
1148 1729 1532 1801 delphinum.
1606 1725 1744 1785 AR.

254 1838 461 1913 (Mus.
492 1833 707 1912 Caes.)
772 1828 993 1893 Addo:
1041 1829 1242 1902 LEG.
1274 1827 1386 1887 XI.
1430 1827 1503 1890 C.
1544 1828 1620 1887 P.
1669 1827 1747 1886 F.

253 1936 444 2015 Lupa
468 1956 609 1997 oum
633 1938 928 2016 meminis,
976 1931 1051 2008 in
1082 1945 1342 2014 gemma
1362 1927 1579 1990 Musei
1598 1927 1751 1988 Flo·

258 2033 504 2097 rentini
539 2040 733 2099 Toni.
763 2037 839 2094 11.
869 2033 995 2095 tab.
1034 2051 1127 2113 ις.
1247 2073 1255 2080 -

256 2136 463 2202 LEG.
493 2136 665 2196 xm.
706 2136 917 2198 GEM.
945 2135 1056 2201 vl.
1090 2135 1161 2194 P.
1188 2132 1301 2201 Vt.
1335 2133 1411 2194 F.
1464 2131 1753 2192 Victoria

260 2239 571 2318 yradiens
611 2240 679 2296 d.
719 2239 1005 2296 lauream
1052 2235 1271 2313 offert,
1325 2253 1444 2311 pro
1479 2233 1755 2313 pedihus

261 2340 386 2398 leo.
430 2337 565 2396 AR.
613 2341 815 2416 (Mus.
851 2333 1103 2414 Caes.)
1345 2378 1355 2386 -

259 2435 461 2500 LEG
507 2436 1110 2505 X1111.GEM.V1.
1158 2438 1382 2508 P.V1.
1427 2437 1505 2499 F.
1577 2407 1756 2495 Idem

260 2549 474 2620 typus.
514 2540 650 2601 AR.
686 2539 953 2621 (nand.)
999 2540 1072 2599 ln
1104 2537 1269 2602 alio.
1318 2541 1755 2618 Capricqmus.

222 2698 226 2702 <
258 2638 480 2720 (lbid.)

264 2741 464 2807 LEG.
510 2739 715 2803 IlXX.
752 2741 861 2809 Vl.
905 2743 980 2803 P.
1018 2743 1131 2808 VI.
1166 2738 1243 2801 F.
1318 2742 1754 2819 Capricornus,

183 2894 190 2900 .
260 2842 332 2906 in
387 2844 550 2906 alioz
611 2848 779 2905 idem
821 2846 1410 2916 απόσέιίηηαίαηε,
1470 2838 1755 2912 inalioz

265 2943 415 3008 Vn.
446 2946 522 3009 P.
553 2944 696 3012 VII.
735 2943 811 3004 F.
850 2943 1109 3024 (omnes
1146 2944 1212 3005 in
1252 2945 1424 3011 Mus.
1452 2943 1665 3020 Caes.)

261 3045 467 3110 LEG.
527 3046 677 3109 XX.
717 3048 826 3113 Vl.
885 3049 957 3108 P.
1007 3046 1146 3116 vl.-
1173 3044 1249 3106 F.
1315 3047 1754 3125 Capricornus.

262 3150 403 3211 AB.
432 3147 690 3228 (vain.)

266 3246 467 3309 LEG.
519 3250 692 3308 XXI.
730 3244 951 3309 GEM.
970 3245 1082 3313 Vt.
1118 3246 1194 3305 P.
1231 3244 1348 3310 VI.
1380 3240 1457 3303 F.
1545 3246 1757 3322 Typus

261 3360 342 3412 ne
384 3354 456 3411 in
492 3352 612 3429 leq.
659 3351 848 3410 XIII.
900 3345 1169 3425 (Band.)
1241 3346 1445 3407 Forte
1492 3357 1559 3406 et
1607 3362 1759 3427 per-

267 3467 493 3534 peram
538 3450 779 3511 lectum
815 3448 996 3512 XXI.
1030 3469 1151 3532 pro
1184 3445 1364 3524 xm.

270 3547 473 3613 ΒΕΘ..
514 3549 718 3610 xxm
749 3553 861 3617 v1.
904 3552 979 3611 P.
1020 3551 1138 3620 VI.
1171 3528 1250 3612 F.
1320 3548 1756 3628 capricornus.

273 3653 411 3724 AR.
464 3654 661 3731 (Mus.
700 3654 884 3715 Caes.
921 3652 1150 3730 Bana.)
1676 3682 1685 3685 -

270 3750 472 3818 LEG.
502 3753 708 3818 XXX.
741 3756 935 3821 VLP.
975 3754 1089 3820 VI.
1113 3754 1186 3813 Ρ.
1218 3751 1333 3820 VI.
1369 3751 1446 3814 F.
1523 3753 1762 3830 Neptu-

270 3874 392 3919 om
424 3867 607 3919 stam
638 3861 701 3918 d.
723 3860 1091 3937 tridentem,
1129 3876 1181 3917 s.
1203 3856 1586 3939 delphinum.
1618 3853 1757 3913 AR.

270 3956 508 4039 (Band.
543 3960 713 4020 Mus.
756 3957 974 4037 Caes.)

401 4060 685 4122 Illustris
715 4059 1205 4144 hiolegionum
1249 4057 1586 4141 catalogus
1626 4074 1763 4118 non

276 4179 479 4247 {muca
501 4161 710 4237 ‚offert
740 4160 1094 4224 observatu
1125 4159 1358 4245 digua,
1394 4157 1568 4221 inter
1595 4176 1762 4241 quae

274 4252 655 4348 cumprimis
722 4262 1131 4327 memorandi
1178 4262 1336 4347 typi.
1437 4258 1763 4340 Vidimus,

343 4586 406 4661 ι)
441 4581 587 4647 sen,
626 4580 736 4646 civ.
774 4527 956 4648 2⁶11.

1144 4582 1215 4660 b)
1255 4582 1427 4647 Num.
1468 4596 1579 4645 vet.
1621 4602 1681 4665 p.
1721 4590 1816 4650 50.

3197 342 3344 416 403

1854 510 2144 595 singulas
2186 509 2524 595 proprium
2564 530 2750 573 suum
2790 506 3035 592 jactare
3079 501 3352 576 sennu-

1855 632 2006 675 men
2042 613 2429 698 quodpiam,
2486 634 2601 674 seu
2654 611 2927 686 animal,
2977 612 3114 676 sive
3161 627 3349 677 natu·-
3389 695 3390 698 Ἴ

1852 716 2026 791 rale,
2086 716 2224 778 sive
2283 712 2530 778 fictum.
2634 713 2795 796 Ejus
2858 714 3157 798 exempla
3213 713 3349 798 jam

1853 816 2137 882 vidimus
2196 817 2264 877 in
2343 816 2555 877 numis
2623 815 3013 899 'provinciae
3077 814 3349 891 Daciae,

1855 932 1923 980 et
1984 918 2281 980 coloniae
2326 917 2712 993 Viminaoii,
2776 930 2914 979 tum
2974 931 3040 979 et
3103 917 3371 995 videhta„

1857 1039 2001 1080 mus
2049 1018 2220 1081 infra
2264 1019 2331 1080 in
2381 1020 2596 1080 numis
2630 1018 2994 1094 Victorini,
3041 1019 3358 1096 Carausii,

1858 1119 2135 1212 aliisque
2173 1119 2648 1195 monumentis,
2713 1138 2878 1202 quae
2928 1140 3080 1182 mox
3134 1119 3358 1204 profe·-

1859 1242 2021 1285 rum.
2114 1221 2264 1316 Quo
2313 1234 2505 1305 pacto
2552 1221 2672 1283 hae
2710 1220 3028 1302 imagines
3077 1222 3158 1284 ad
3196 1221 3363 1284 indi·

1782 1361 1783 1364 =
1862 1323 2099 1387 caudas
2126 1324 2427 1409 legiones
2463 1320 2859 1396 referantur,
2895 1342 3142 1405 anceps
3164 1342 3362 1406 quae·

1863 1425 2011 1487 stio.
2100 1425 2480 1493 Verisimile
2527 1436 2659 1497 est,
2722 1423 2926 1505 signis
2972 1443 3081 1485 eas
3127 1423 3363 1494 milita·
3455 1503 3456 1506 Ἴ

1857 1527 2045 1588 ribus
2087 1526 2432 1602 serviisse,
2498 1544 2645 1588 oum
2692 1524 2869 1605 quod
2914 1524 2979 1583 in
3024 1513 3360 1591 nonnulli·

1828 1628 2205 1697 ·Viminacii
2270 1627 2486 1690 numis
2546 1622 2883 1699 videmus,
2960 1638 3217 1687 taurum
3278 1645 3359 1690 ae

1858 1731 2161 1806 leonem,
2205 1729 2490 1814 legionis
2533 1728 2676 1794 Vn.
2723 1748 2799 1790 ae
2844 1728 2987 1789 1111.
3033 1726 3360 1809 symbola,

1865 1832 1934 1893 in
1996 1832 2144 1914 ipso
2198 1831 2368 1912 signi
2436 1829 2736 1890 militaris
2814 1830 3002 1912 apice
3054 1831 3365 1913 proponi,
3465 1905 3468 1910 ³

1865 1949 2006 1997 tum
2045 1931 2218 2017 quod
2255 1943 2508 1993 constat
2549 1950 2630 1990 ex
2667 1932 2962 2011 Appiano
2998 1931 3047 2006 ⁸)
3073 1974 3089 2005 ,
3155 1932 3366 2014 legio-

1871 2035 1943 2096 ni
1972 2035 2056 2101 V.
2091 2043 2241 2116 post
2270 2029 2556 2091 relatam¹
2578 2030 2646 2089 in
2685 2029 2903 2092 Africa
2941 2030 3021 2092 de
3053 2031 3366 2114 elephan-

1868 2134 1952 2198 tis
2011 2130 2352 2195 victoriam
2415 2129 2620 2192 fuisse
2663 2128 3031 2208 indultum,
3093 2146 3166 2194 ut
3227 2132 3366 2196 ele-

1867 2233 2183 2320 phantuin
2242 2231 2311 2292 in
2382 2231 2590 2315 signis
2632 2221 3021 2295 militaribus
3064 2233 3366 2301 habere‘t.

1871 2337 1959 2399 At
1995 2335 2169 2398 enim
2204 2353 2354 2397 eum
2381 2346 2676 2408 constet,
2722 2334 3002 2418 aquilam
3041 2333 3247 2397 fuisse
3265 2333 3366 2404 in,-

1870 2438 2058 2522 signe
2115 2435 2400 2521 legionis
2454 2435 2786 2497 Romanae
2844 2455 2972 2496 non
3037 2435 3238 2500 modo
3279 2435 3363 2500 ab

1868 2537 2334 2625 antiquissimis
2413 2533 2858 2619 temporibus,
2945 2535 3062 2599 sed
3141 2538 3363 2614 etiam,

1868 2640 2181 2727 quamdiu
2229 2659 2305 2702 ea
2355 2638 2869 2710 stetit‚,certum
2905 2638 3199 2713 videtur,
3246 2641 3365 2706 ha.

1868 2741 2189 2826 imagines
2233 2760 2332 2826 ex⁴
2362 2738 2732 2803 cohortium
2779 2739 2981 2836 signis
3032 2740 3098 2800 in
3133 2761 3365 2805 numo·

1867 2866 2016 2906 rum
2074 2857 2298 2928 typum
2358 2842 2563 2904 fuisse
2626 2840 3002 2916 advocatas,
3079 2862 3367 2929 cumque

1830 2947 2046 3032 legio
2093 2943 2509 3030 expluribus
2544 2942 2927 3006 cohortibus
2976 2945 3368 3021 constiterit,

1866 3069 2124 3112 causam
2186 3061 2527 3122 tenemus,
2591 3065 2710 3108 eur
2767 3064 3229 3131 nonnunquam
3289 3048 3362 3110 in

1868 3149 1970 3226 his
2030 3150 2243 3212 numis
2304 3168 2431 3208 una
2487 3143 2848 3228 eademque
2914 3146 3094 3229 legio
3153 3151 3364 3215 varias

1865 3250 2066 3335 jactet
2101 3249 2460 3333 imagines,
2503 3267 2566 3307 v.
2594 3264 2650 3306 c.
2679 3245 2858 3327 legio
2895 3247 2940 3305 Ι.
2978 3247 3202 3312 Italica
3231 3248 3362 3332 jam

1871 3371 2138 3434 aprum,
2200 3349 2330 3434 jam
2388 3344 2883 3430 capricornum,
2938 3345 3388 3427 jam“hovem'

1842 3452 2231 3526 ,max-inum,
2316 3450 2447 3533 jam
2524 3446 2744 3531 lupam
2822 3467 2972 3509 cum
3040 3446 3366 3531 gemellis.

1875 3554 2142 3617 Certum
2192 3571 2353 3616 vero
2391 3563 2526 3625 est,
2573 3548 2882 3611 cohortes
2917 3564 3210 3631 separata
3251 3569 3370 3616 sua

1872 3654 2182 3718 habuisse
2229 3654 2453 3735 signa,
2499 3649 2583 3713 (le
2618 3668 2749 3734 quo
2799 3665 3184 3734 argumento
3215 3669 3371 3738 ag.-

1876 3770 1984 3819 tur
2016 3755 2210 3831 alibi,
2257 3774 2333 3817 ae
2350 3750 2692 3837 probabile
2732 3750 2899 3814 adeo
2933 3753 3124 3816 etiam
3146 3796 3165 3829 ,
3209 3754 3369 3818 ima-

1877 3858 2063 3940 gines
2119 3857 2186 3917 in
2235 3852 2691 3940 praesentibus
2739 3852 2957 3916 numis
2996 3856 3368 3940 propositas

1875 3958 2216 4042 legionum
2243 3956 2649 4038 singularum
2680 3954 3021 4017 eohortem
3063 3957 3368 4045 primam,

1875 4073 1988 4124 aut
2016 4058 2073 4121 si
2104 4059 2263 4120 illae
2293 4056 2656 4134 variarunt,
2702 4055 3010 4120 cohortes
3023 4055 3370 4142 primarias

1876 4160 2270 4246 respexisse.

2007 4260 2145 4325 Iam
2176 4259 2335 4324 alias
2370 4258 2793 4352 comprobavi
2819 4254 2883 4342 l’)
2906 4303 2925 4339 ,
2954 4271 3168 4346 typos,
3201 4279 3369 4348 quos
3499 4351 3506 4357 ·
3613 4248 3616 4251 ¹

2686 4672 3050 4743 Eees‘
