4652 5937
1247 418 1524 536 ’.ωἳ

1508 634 1776 700 Bellum
1816 631 1888 695 in
1924 629 2162 694 Persas
2206 622 2528 689 meditans
2571 642 2610 684 a
2655 621 2877 685 militi-

1383 736 1509 800 bus
1570 735 1796 800 Sirmii
1864 730 2193 797 occiditur.
2265 726 2532 793 circiter
2592 738 2875 786 exeunte

1381 840 1702 920 Augusto.
1767 834 2008 919 (vide,
2050 851 2217 917 quae
2261 830 2554 893 dicemus
2596 826 2766 889 infra
2811 825 2878 887 in

1381 940 1714 1011 Terminis
1758 939 1900 1021 ejus
1944 934 2261 1019 imperii.)

1510 1040 1837 1121 Principis
1917 1037 2149 1122 optimi
2222 1029 2569 1098 occidendi
2644 1046 2877 1092 causae

1375 1139 1570 1205 fuere
1614 1141 1974 1203 secundum
2016 1137 2414 1220 Vopiscum,
2472 1130 2648 1215 quod
2690 1150 2879 1213 paca-

1378 1254 1452 1304 to
1513 1240 1645 1324 jam
1710 1263 1823 1305 sua
1887 1242 2127 1304 virtute
2187 1237 2349 1299 orbe
2408 1248 2732 1297 terrarum
2781 1231 2874 1291 di-

1375 1342 1553 1406 xisse
1586 1342 1960 1405 ferebaturz
2002 1343 2182 1403 brevi
2209 1341 2449 1399 milites
2477 1335 2874 1397 necessat-fos

1342 1465 1502 1507 -non
1528 1448 1928 1518 habebimus,
1977 1439 2218 1504 deinde
2263 1435 2441 1522 quod
2485 1434 2682 1498 nimia
2724 1451 2875 1515 per·

1370 1546 1610 1608 tinacia
1655 1546 1933 1607 militem
1985 1539 2447 1607 adsiccandas
2493 1534 2871 1615 Sirmiilpa·

1371 1645 1601 1722 ludes,
1667 1646 1926 1729 aliaque
1991 1661 2193 1726 opera
2251 1637 2568 1723 agrestia,
2634 1634 2869 1718 quibus

1368 1765 1732 1831 procurare
1776 1744 2184 1805 fertilitatem
2222 1741 2472 1825 patriae
2507 1747 2867 1821 optaverat,

1302 1918 1307 1927 ,
1373 1847 1613 1930 adegit.
1707 1845 1929 1940 Quare
1993 1864 2143 1905 eum
2190 1841 2453 1904 Silenus
2495 1857 2756 1921 quoque
2799 1837 2869 1896 in

1376 1932 1763 2010 Caesaribus
1838 1938 2085 2008 'Iuliani
2172 1943 2388 2007 acrius
2473 1937 2866 2022 objurgavit,

1374 2045 1553 2131 quod
1595 2046 1663 2106 in
1708 2048 1888 2109 omni
1930 2046 2061 2109 vita
2107 2043 2405 2128 asperior
2439 2039 2866 2122 severiorque

1366 2148 1535 2209 nihil
1579 2146 1919 2211 hominum
1976 2146 2224 2229 gratiae
2272 2165 2347 2207 ac
2388 2140 2710 2207 voluntati
2754 2138 2868 2200 tri-

1365 2246 1627 2313 b'ueret.
1675 2249 1826 2344 Quo
1856 2269 1987 2311 uno
2018 2247 2290 2328 dempto
2334 2242 2502 2304 nihil
2546 2256 2688 2305 erat
2730 2242 2867 2303 lau-

1368 2350 1521 2413 dum
1582 2370 1659 2413 ac
1714 2349 2256 2436 praeconiorum,
2320 2344 2499 2430 quod
2538 2364 2671 2406 non
2714 2363 2868 2427 pro-

1366 2450 1642 2512 meritus
1713 2452 2106 2535 scriptorum
2178 2445 2469 2509 omnium
2536 2464 2863 2510 consensu

1363 2550 1737 2628 videretur,
1794 2552 1991 2626 adeo,
2051 2564 2126 2612 ut
2182 2548 2250 2610 in
2294 2547 2423 2610 hoc
2468 2568 2599 2623 uno
2644 2545 2861 2608 omnia

1365 2672 1477 2727 ea,
1550 2673 1716 2736 quae
1781 2654 2167 2737 OE'rajanum,
2242 2647 2646 2721 Antoninos,
2709 2648 2862 2709 Ale-

1360 2753 1681 2817 xandrum
1725 2759 2058 2816 Mamaeae
2111 2748 2587 2812 immortalitati
2631 2767 2862 2810 conse·

1361 2869 1657 2931 crarunt,
1706 2850 1987 2919 collecta
2030 2852 2496 2927 crederentur,
2543 2864 2611 2911 et
2654 2850 2858 2931 impe-

1354 2957 1441 3019 rii
1483 2955 1764 3026 Romani
1821 2954 2033 3038 gloria
2088 2965 2239 3036 post
2294 2971 2447 3012 eum
2501 2948 2670 3010 nihil
2726 2967 2858 3010 am·

1359 3058 1535 3141 plius
1578 3073 1775 3140 posse
1821 3073 2058 3139 capere
2100 3049 2495 3116 inerementi
2530 3049 2856 3131 existima·

1354 3169 1563 3220 retur.

2676 424 3174 515 ΡΉοΒνεῑ.ὲ

2989 624 3349 689 GLORIA.
3397 618 3683 689 ORBIS.
3727 616 3903 703 COS
3949 616 4034 688 V.
4096 620 4393 703 Sariya
4433 627 4526 687 ob·

2990 747 3210 803 versa,
3257 731 3326 789 in
3369 747 3501 810 qua
3543 718 3984 802 imperator-d.
4017 735 4324 786 extenta
4357 730 4522 787 vol·-

2988 848 3134 889 mon
3177 839 3521 892 coronatur
3575 849 3618 888 a
3680 829 3972 890 Victoria
4026 838 4213 889 retro
4284 838 4510 899 etam,

2988 934 3167 991 circa
3208 950 3462 995 currum
3514 938 3789 1012 quatuor
3818 932 4074 1005 pedites
4121 931 4345 991 elatis
4379 934 4514 1007 pd—

2988 1052 3132 1092 mae
3162 1035 3383 1106 ramis,
3415 1034 3691 1092 extimos
3716 1050 3912 1112 equos
3935 1035 4194 1091 ducunt
4221 1036 4369 1093 dno
4402 1035 4501 1092 ai·

2989 1136 3136 1194 lites
3162 1136 3426 1193 hastati.
3468 1130 3605 1194 AR.
3637 1151 3803 1191 max.
3838 1129 4016 1192 mod.
4039 1131 4259 1208 (Mus.
4285 1133 4495 1211 Caes.)

3115 1236 3402 1299 Numum
3444 1216 3618 1293 bunc
3660 1244 3792 1293 tam
3830 1232 4091 1313 argenti
4131 1232 4486 1315 probitate,

2988 1355 3180 1419 quam
3224 1335 3558 1417 pondere,
3604 1353 3736 1418 quo
3779 1331 4126 1393 drachmas
4177 1334 4486 1418 quinque,

2988 1431 3184 1518 g‘rana
3223 1436 3452 1520 viginti
3489 1434 3614 1497 tria
3651 1446 3915 1518 aequat,
3957 1433 4304 1516 insignem
4338 1437 4484 1499 olim

2983 1537 3293 1609 Khellius
3338 1555 3421 1599 ex
3465 1555 3691 1600 museo
3738 1555 3909 1599 com.
3950 1536 4248 1618 Ariosti‚
4319 1557 4483 1600 nune

2986 1639 3307 1701 Caesareo
3351 1639 3599 1723 pictum
3643 1638 3807 1699 stitit
3842 1638 3924 1718 ⁸).
3963 1638 4187 1720 Hujus
4224 1658 4478 1723 quoqne

2985 1759 3252 1802 aversae
3330 1754 3523 1824 typus
3596 1759 3982 1823 processum
4061 1742 4474 1803 consularem

2984 1840 3279 1926 quintum
3324 1842 3498 1904 haud
3543 1840 3741 1903 dubie
3788 1840 4118 1918 celebrat,
4185 1843 4252 1902 iu
4297 1843 4472 1924 eujus

2980 1941 3140 2005 facti
3185 1943 3567 2005 memoriam
3608 1942 3794 2005 numi
3838 1943 4124 2018 similes,
4171 1943 4287 2027 qui
4334 1964 4466 2005 cum

2981 2043 3238 2127 reliqua
3268 2045 3473 2108 Probi
3515 2057 3777 2107 moneta
3819 2044 3983 2104 nihil
4019 2043 4264 2106 habent
4304 2064 4467 2106 com-

2981 2132 3214 2220 mune,
3261 2146 3494 2207 usitata
3536 2146 3604 2206 in
3646 2143 3751 2206 his
3795 2144 4180 2208 solennibus
4226 2142 4463 2205 munifi-

2980 2246 3194 2308 centia
3237 2246 3304 2307 in
3339 2247 3576 2330 vulgus
3613 2244 3921 2309 videntur
3957 2248 4241 2329 erogati.
4282 2247 4464 2309 Simi-

2977 2346 3113 2408 lem
3170 2347 3489 2410 maximae
3544 2346 3831 2424 formae,
3893 2346 4015 2409 sed
4067 2367 4348 2409 aeneum
4388 2370 4462 2410 ex

2977 2447 3242 2532 duplice
3298 2450 3600 2525 metallo,
3664 2450 3829 2515 stitit
3868 2452 4326 2513 Buonarrotns
4384 2468 4458 2509 ex

2976 2569 3204 2613 museo
3250 2551 3594 2632 carpineo.
3650 2609 3658 2617 .

3257 2652 3437 2713 lMP.
3472 2655 3543 2717 C.
3580 2652 3952 2721 PROBVS.
3986 2649 4191 2717 AVG.
4218 2649 4456 2713 CONS.

3258 2751 3341 2820 V.
3405 2758 3695 2817 Protome
3735 2757 4008 2816 radiata
4045 2754 4112 2812 d.
4154 2762 4459 2831 soeph-m

3258 2860 3617 2918 consulare.
3941 2889 3958 2901 =

2975 2955 3373 3025 SECVRIT.
3399 2957 3650 3022 PERP.
3699 2959 3936 3019 Mulier
3976 2966 4160 3018 stam
4200 2958 4458 3018 dextera

2967 3061 3177 3137 capiti
3225 3061 3521 3132 admota,
3578 3077 3636 3120 s.
3679 3062 4016 3119 columnae
4065 3060 4329 3131 innixa,
4389 3062 4455 3118 ι’·

2967 3177 3129 3220 area
3171 3168 3418 3220 astrum
3458 3167 3525 3218 et
3563 3158 3647 3234 1.,
3704 3162 3777 3219 in
3821 3162 3947 3242 imo
3992 3159 4265 3226 lexl.
4319 3158 4451 3222 AB.

1484 3261 1723 3319 Divum
1781 3258 2070 3342 appellat
2109 3252 2471 3316 Eumenius
2528 3253 2597 3314 in
2659 3273 2854 3334 pane·
2968 3254 3082 3319 111.
3127 3258 3327 3342 (Mus.
3374 3259 3558 3322 Com.
3603 3257 3685 3321 ‹le
3729 3258 4006 3340 Vitzai.)

1356 3358 1585 3443 gyrico
1630 3358 1994 3422 Constantii
2036 3376 2180 3440 cap.
2221 3356 2494 3430 xvm„
2554 3367 2621 3417 et
2665 3354 2853 3418 divus

1355 3460 1601 3523 dicitur
1679 3460 1749 3521 iu
1826 3458 2044 3523 indice
2104 3457 2417 3519 natalium
2449 3456 2854 3533 ‘Caesarum,

1354 3559 1488 3625 fixo
1568 3559 1712 3643 ejus
1790 3560 1992 3623 natali
2065 3559 2147 3622 ad
2223 3557 2400 3621 diem
2459 3560 2637 3626 XIV.
2691 3560 2848 3624 Kal.

1354 3664 1535 3745 Sept.
1605 3682 1799 3747 quem
1870 3673 2195 3724 memorat
2266 3659 2464 3721 etiam
2525 3658 2854 3723 Kalenda-

3453 3462 3696 3525 Nums'
3736 3465 3956 3542 vayt‘.

3092 3665 3342 3730 Tantus
3405 3676 3510 3730 est
3550 3683 3901 3729 numorum
3940 3664 4148 3728 Probi
4189 3665 4263 3729 in
4303 3686 4445 3732 aere

1349 3764 1520 3826 rium
1554 3761 1855 3844 Dionysii
1884 3759 2231 3826 Philocali.
2275 3758 2411 3824 Sed
2440 3759 2676 3824 desunt
2705 3760 2848 3846 ejus
2962 3767 3076 3830 111,
3121 3765 3378 3831 formae
3403 3786 3769 3843 -numerus,
3824 3780 3894 3830 et
3934 3778 4115 3832 tanta
4152 3768 4444 3845 varietas,

1353 3864 1721 3929 consecrati
1761 3863 1964 3927 numi.
2007 3943 2012 3950 ἡ

1916 4109 1933 4127 ,
1946 4068 2026 4130 N
2025 4085 2146 4131 um
2160 4065 2190 4130 ι’
2203 4085 2231 4128 .·

1629 4269 2061 4342 INVICTVS.
2138 4264 2518 4339 PROBVS.
2599 4267 2677 4332 P.
2754 4265 2834 4334 F.

2960 3881 3031 3929 ut
3071 3881 3292 3930 essent
3323 3869 3625 3931 nonnulli
3638 3902 3679 3947 ,-
3703 3888 3873 3954 quos
3907 3867 4071 3931 hae'c
4098 3867 4442 3945 delectant,

2956 3967 3072 4053 qui
3115 3967 3257 4050 ejus
3301 3969 3566 4051 generis
3607 3968 3692 4031 ad
3737 3970 3869 4033 duo
3911 3970 4154 4046 millia,
4224 3990 4438 4034 omnes

2955 4068 3132 4131 inter
3178 4086 3252 4131 se
3299 4065 3600 4134 diversos
3639 4090 4064 4155 congessere.
4134 4071 4228 4135 At
4276 4072 4439 4135 enim

2952 4169 3079 4234 hac
3126 4188 3260 4233 una
3306 4170 3645 4255 voluptate
3696 4171 3961 4270 dempta
4006 4185 4222 4237 totum
4271 4171 4439 4237 istud

2952 4291 3191 4358 agmen
3231 4270 3384 4356 plus
3425 4271 3626 4338 taedii
3666 4273 3835 4353 illis,
3872 4274 3986 4359 qui
4026 4273 4194 4339 haec
4235 4273 4438 4339 studia

1520 4424 1524 4428 <
1626 4371 1833 4471 AYG.
1891 4374 2187 4437 Protom'o
2244 4376 2542 4438 laureata
2595 4392 2649 4438 s.
2699 4372 2844 4454 9²⁰⁴
2954 4371 3203 4438 obeunt
3217 4418 3236 4452 ,
3298 4394 3495 4460 quam
3545 4374 3695 4440 veri
3735 4375 4166 4440 emolumenti
4207 4375 4433 4439 adfert.

1626 4479 1773 4540 bum
1815 4494 1958 4539 cum
2007 4476 2382 4540 Victor-iola.

1413 4690 1479 4761 a)
1521 4681 1826 4763 Subplem.
1868 4682 1959 4744 ad*
1978 4681 2162 4750 vain.
2199 4703 2265 4763 p·
2301 4683 2427 4746 206.

2951 4476 3220 4542 Etenim
3250 4496 3383 4542 non
3411 4477 3692 4566 varietas
3726 4469 4067 4563 typorum,
4112 4476 4234 4541 sed
4259 4476 4437 4562 iguo·
