4652 5937
1249 430 1354 496 33,
2118 401 2204 475 L.
2304 399 2922 474 AVRELIVS
3022 398 3433 475 VERVS.

1251 590 1485 656 eodem
1553 597 1849 671 tempore
1895 571 2229 647 ‘Antonino
2279 606 2406 647 una
2451 605 2597 647 cum
2648 589 2741 649 M.

1253 691 1527 757 Aurelio
1562 688 1963 772 adoptandus
2000 684 2271 747 traditus
2308 698 2407 745 est
2440 688 2520 763 ¹¹).
2585 686 2745 747 Fac-

1253 806 1394 857 tum
1448 790 1620 853 istud
1679 792 1756 857 V.
1794 791 1865 852 C.
1904 787 2019 868 89¹
2071 787 2178 848 die
2214 788 2418 852 XXV.
2462 784 2750 847 Februa·

1252 893 1360 956 rii.
1420 894 1603 954 Haec
1653 905 1717 952 et
1758 894 1848 952 M.
1878 888 2161 962 Aurelii,
2205 900 2272 949 et
2323 887 2401 946 L.
2431 887 2592 952 Veri
2626 905 2747 968 per

1252 993 1654 1059 Antoninum
1708 990 1876 1053 facta
1944 990 2208 1071 adoptio
2263 988 2388 1049 etsi
2439 987 2739 1070 pluribus

1255 1094 1424 1158 locis
1469 1115 1507 1154 a
1543 1091 1885 1173 Spartiano
1916 1086 1979 1169 ¹²)
2013 1104 2079 1152 et
2119 1088 2487 1171 Capitolino
2522 1087 2739 1168 cyad-

1250 1208 1543 1268 seratur,
1600 1192 1800 1253 iidem
1851 1204 2065 1252 tamen
2134 1211 2365 1273 parum
2409 1189 2532 1250 sibi
2585 1208 2740 1251 con·

1250 1309 1494 1361 stantes
1542 1292 1694 1355 alibi
1723 1291 2097 1373 'adoptatum
2145 1291 2225 1354 ab
2252 1292 2580 1352 Antonino
2610 1293 2741 1352 Au·

1245 1399 1527 1470 relium,
1589 1392 1668 1456 ab
1721 1392 1850 1452 hoc
1885 1394 2133 1457 Verum
2179 1406 2407 1473 aperte
2458 1376 2742 1474 pronunss

1253 1499 1460 1571 ciant,
1509 1495 1601 1556 sic
1650 1506 1719 1554 ut
1739 1495 1956 1559 Verus
1996 1492 2246 1553 Aurelii
2271 1512 2400 1574 per
2448 1490 2742 1572 adoptio·

1250 1619 1404 1661 nem
1433 1595 1607 1656 filius
1643 1605 1816 1656 esset
1844 1590 2202 1665 habendus,
2247 1611 2379 1651 non
2410 1589 2616 1651 frater
2648 1590 2737 1669 d),

1253 1712 1324 1762 et
1354 1711 1572 1759 tamen
1605 1715 1726 1778 per
1761 1696 1964 1775 ipsam
1998 1691 2361 1751 orationem
2412 1691 2738 1752 dictorum

1254 1799 1676 1862 immemores
1692 1794 1931 1855 fratres
1974 1811 2088 1852 eos
2111 1803 2486 1882 constanter
2520 1792 2741 1874 appel-

1253 1895 1413 1963 larit.
1471 1897 1828 1959 Enimvero
1882 1911 2293 1955 communem
2344 1891 2569 1954 ambos
2620 1914 2742 1976 per

1252 1998 1671 2082 adoptionem
1708 1994 2012 2056 habuisse
2051 2007 2301 2076 patrem
2317 1993 2737 2068 Antoninum,

1255 2112 1323 2162 et
1375 2099 1495 2161 hac
1559 2099 1709 2180 lege
1757 2094 1961 2156 fuisse
2017 2083 2295 2168 fratres,
2355 2107 2619 2176 praeter
2661 2116 2737 2157 ea

1254 2212 1680 2282 arguments,
1740 2195 1974 2279 quibus
2018 2194 2100 2256 sd
2145 2192 2510 2257 tollendum
2564 2194 2740 2256 hunc

1261 2299 1625 2363 dissensum
1666 2297 1869 2358 utitur
1899 2295 2363 2360 Tillemontius
2387 2339 2404 2369 ,
2470 2293 2739 2356 manife-

1254 2413 1356 2462 sto
1388 2397 1703 2483 probatur
1738 2416 1817 2458 ex
1853 2414 2179 2457 marmore
2234 2414 2517 2469 coaevo,
2561 2395 2738 2478 quod

1250 2500 1460 2565 edidit
1504 2496 1956 2575 Gruterusf)t
2019 2496 2196 2558 IMP.
2237 2495 2480 2558 CAES.
2526 2495 2735 2562 DIVI.

1247 2599 1704 2666 AN'rONtNt.
1759 2596 1842 2657 F.
1905 2597 2114 2662 DIVI.
2168 2596 2437 2662 LVDu.
2484 2598 2740 2679 (legen.

1248 2702 1404 2765 dum
1431 2700 1791 2774 1..VER1.)
1827 2697 2510 2774 PAR‘1·H.‚MAx1M1.
2536 2700 2741 2760 FRA-

1251 2803 1429 2863 Tm.
1459 2813 1586 2862 etc.
1645 2802 1880 2861 Frater
1902 2798 2097 2859 ctiam
2133 2800 2499 2881 appellatur
2521 2800 2737 2865 Verus

1249 2901 1318 2962 in
1356 2918 1683 2962 marmore
1703 2897 2050 2960 Muratorii
2091 2892 2164 2978 ἔ).
2222 2900 2294 2957 In
2326 2898 2566 2983 insigni
2603 2899 2735 2962 alio

1248 3020 1577 3064 marmore
1612 3000 2004 3063 Grutcriano
2036 2999 2096 3079 8)
2159 3000 2414 3073 Verus,
2458 3001 2735 3084 perinde

1137 3126 1144 3131 ’
1255 3121 1332 3165 ac
1377 3100 1443 3160 in
1458 3099 1625 3183 „aliis
1656 3100 2003 3175 Aurelius,
2068 3098 2307 3161 dicitur
2339 3104 2420 3164 D.
2459 3107 2736 3165 Ant.P2‘s‘

1235 3204 1433 3283 filius,
1474 3204 1556 3266 D.
1578 3204 1906 3263 Hadriani
1940 3221 2133 3283 nepos
2169 3212 2285 3264 etc.
2344 3201 2414 3268 S.
2449 3203 2734 3303 Iustinus

2860 587 3110 667 Martyr
3161 605 3440 649 coaevus
3479 583 3828 651 Vero-hos
3874 582 4119 648 titulos
4169 583 4341 668 largi-

2862 699 3003 749 tur:
3049 684 3265 767 Λυκιῳ
3298 691 3609 765 vehsa-ope?
3639 684 3966 762 Καισαρος
4017 695 4193 770 Quasi
4212 682 4339 764 ύιῳ,

2858 809 2956 845 και
3003 786 3267 859 Ευσεβυς
3300 784 3656 866 ἕισπωητῳ,
3715 789 3921 848 Lucio
3979 789 4343 865 Philo-sopho

2864 891 3156 951 Caesaris
3210 892 3320 967 (L.
3360 889 3565 967 Aelii)
3624 898 3863 949 natura
3902 889 4107 967 filia,
4166 892 4345 950 cevia·

2852 990 3222 1069 (Antonini)
3261 994 3564 1070 adoptivo
3595 983 3683 1067 ι1).
3744 988 3815 1074 Si
3844 986 4210 1071 adoptivus
4233 990 4375 1052 Ait-⁴

2851 1088 3175 1152 toniniPii
3197 1136 3213 1167 ,
3260 1111 3423 1173 ergo
3454 1088 3646 1169 hujus
3682 1087 3893 1163 filius,
3942 1103 4020 1150 et
4055 1088 4349 1153 adeoAu·

2851 1189 3000 1251 relii
3057 1189 3281 1254 frater.
3326 1191 3630 1274 Denique
3671 1189 4147 1272 jurisconsulti
4190 1206 4348 1255 vete·

2849 1309 2959 1351 res
3021 1292 3366 1376 aliquoties
3446 1292 3659 1358 edicta
3710 1295 4019 1354 divorum
4080 1296 4351 1372 fratrem

2852 1407 3250 1469 memorant,
3314 1393 3496 1458 velut
3550 1393 3906 1474 leianus,
3992 1395 4233 1478 (Digg.
4280 1397 4344 1456 1..

2852 1494 3089 1561 XXVI.
3155 1494 3253 1555 tit.
3308 1509 3370 1555 ο.
3417 1494 3465 1553 1.
3515 1512 3607 1571 io.
3655 1494 3707 1567 §.
3760 1496 3841 1571 ι.)
3901 1515 4049 1578 quo
4096 1495 4346 1556 nominc

2854 1607 3103 1655 certum
3169 1608 3270 1656 est
3315 1591 3396 1653 ab
3448 1592 3526 1653 iis
3573 1595 3816 1678 respici
3858 1601 3949 1658 M.
3983 1595 4347 1671 Aurelium,
4442 1661 4449 1670 ,

2854 1706 2921 1755 et
2961 1696 3038 1755 L.
3071 1695 3341 1759 Verum.
3580 1700 3585 1703 ’

2982 1794 3362 1855 Translatus
3423 1813 3586 1880 ergo
3644 1796 3711 1858 in
3762 1797 4098 1863 familiam
4158 1798 4346 1860 Anto·

2852 1893 2988 1953 nini
3038 1907 3175 1955 toto
3236 1887 3568 1979 tempore,
3657 1918 3786 1981 quo
3836 1899 3944 1961 hic
3997 1899 4344 1983 imperium

2852 1994 3098 2067 tenuit,
3171 1994 3239 2053 in
3291 1996 3529 2077 privati
3583 1997 3849 2060 modurn
3896 2000 4108 2075 vixit,
4171 1998 4340 2061 nullo

2855 2096 3149 2155 Caesaris
3184 2107 3293 2155 aut
3330 2096 3561 2173 titulo,
3607 2113 3717 2160 aut
3764 2081 4030 2166 lionore
4080 2112 4345 2185 propter

2852 2205 3076 2275 aperta
3122 2193 3293 2255 vitae
3351 2194 3820 2262 immoderatae
3865 2201 4155 2278 indicia,
4219 2214 4341 2263 tsn-

2850 2307 2990 2355 tum
3046 2292 3224 2378 quod
3286 2299 3563 2376 Auyusti
3613 2302 3793 2378 filim
3850 2302 4223 2364 vocabatur
4273 2299 4334 2379 3)-

2852 2394 3037 2460 V.·c.
3087 2394 3212 2478 906
3274 2411 3689 2479 quaesturam
3753 2398 3995 2478 obivit,
4065 2416 4138 2464 et
4200 2420 4337 2462 mox

2847 2516 3021 2571 ,anno
3054 2510 3366 2582 sequente
3394 2517 3516 2579 907
3552 2500 3960 2564 consulatum
3990 2501 4093 2582 ¹¹).
4142 2504 4335 2563 Inter·

2847 2593 3039 2677 jectis
3097 2599 3279 2660 annis
3323 2599 3466 2666 Vn.
3530 2599 3674 2683 ipso
3725 2623 3894 2664 anno
3929 2604 4334 2669 Varroniano

2850 2706 3012 2778 914,
3075 2719 3206 2783 quo
3257 2698 3428 2761 diem
3481 2700 3688 2765 obivit
3736 2703 4151 2782 Antoninus,
4198 2724 4331 2768 cum

2850 2795 3054 2860 fratre
3089 2798 3362 2861 Aurelio
3397 2803 3718 2884 processit
3738 2805 3967 2867 consul
4003 2808 4088 2867 11.
4111 2803 4335 2870 confir·

2850 2913 3069 2962 mante
3142 2901 3317 2965 istud
3401 2924 3729 2966 marmore
3815 2902 4219 2970 Gruteriano
4266 2899 4327 2983 ¹),

2849 3001 3026 3086 quod
3075 3007 3395 3086 quoniam¹
3430 3006 3592 3071 Veri
3645 3008 3866 3070 titulos
3922 3027 4000 3071 ac
4074 3007 4328 3070 nomina

2848 3118 3184 3185 postremo
3243 3119 3544 3190 tempore
3600 3107 3745 3190 ejus
3797 3109 3970 3174 vitae
4036 3108 4324 3193 privatae

2850 3204 3179 3282 continet,
3222 3204 3330 3270 hic
3364 3226 3656 3291 appono=

1526 3401 1619 3461 M.
1663 3397 1960 3461 Aemo.
2003 3398 2419 3463 AVREmo.
2459 3399 2731 3469 veno.
2778 3400 3201 3466 CAESARE.
3250 3403 3361 3465 111.
3395 3368 3588 3469 cos,

1524 3500 1602 3559 L.
1650 3498 1944 3560 Aemo.
1989 3498 2405 3563 Avnemo.
2451 3498 2931 3565 conmono
2978 3505 3060 3589 11.

1451 3600 1456 3607 '
1512 3599 1601 3661 Ρ.
1645 3600 1726 3661 R.
1772 3599 1846 3661 C.
1891 3598 2093 3659 ANN.
2134 3599 2596 3665 Decccxm.
2639 3619 2877 3687 nempe
2911 3626 2948 3668 a
2980 3604 3308 3668 Parilibus
3337 3603 3490 3667 anni
3517 3604 3895 3690 superioris.
4022 3634 4029 3641 ‘

1593 3796 1667 3855 V.
1705 3796 1768 3858 C.
1810 3802 1956 3860 914.
2001 3798 2077 3861 Ρ.
2121 3797 2203 3858 Χ.
2254 3805 2397 3863 161.

1389 3897 1748 3960 CAESAR.
1792 3898 2293 3962 AVGVSTVS.
2343 3900 2466 3963 ΤΒ.
2510 3904 2588 3966 Ρ.

1832 4000 2010 4061 COS.
2055 4000 2145 4062 ΙΙ.

1366 4097 1688 4162 Κειὶειιᾶἰε
1766 4100 2078 4163 Ianuariis
2161 4101 2373 4165 adhuc
2441 4102 2731 4186 privatus

2846 3803 2988 3865 sule
3018 3805 3128 3863 111.
3165 3805 3432 3864 Mortuo
3469 3800 3734 3865 circiter
3769 3804 3940 3868 diem
3977 3808 4122 3873 vn.
4160 3808 4318 3868 Mar-

2842 3903 2920 3966 tii
2948 3903 3276 3967 Antonino
3296 3903 3416 3964 Pio
3442 3947 3459 3977 ,
3493 3901 3716 3969 fratris
3748 3904 4072 3971 beneficio
4104 3906 4314 3971 conle-

2848 4026 2926 4087 ga
2960 4005 3220 4088 imperii
3254 4002 3675 4080 adsciscitur,
3708 4006 3964 4069 collatis
3999 4028 4131 4071 uno
4162 4012 4316 4070 teni‘·

2845 4126 3010 4188 pore
3075 4110 3401 4182 Caesaris,
3466 4118 3533 4167 et
3591 4110 3872 4186 Amyn-vti
3899 4108 4105 4171 titulis
4126 4154 4144 4186 ,
4187 4122 4316 4169 tum

1243 4198 1474 4265 consul
1508 4201 1745 4263 iterum
1764 4202 2064 4285 procedit
2084 4203 2341 4288 collega
2360 4201 2564 4265 fratre
2580 4225 2731 4267 con·
2846 4206 3027 4270 trib.-
3063 4220 3388 4290 potestate
3411 4253 3428 4285 ,
3493 4219 3561 4270 et
3597 4202 4064 4289 proconsulatu
4085 4255 4103 4287 ‚
4164 4211 4312 4271 item

1351 4388 1436 4458 sy
1455 4385 1750 4463 Spmian.
1779 4387 1842 4444 in
1868 4387 2038 4447 Aelio
2072 4410 2119 4448 c.
2153 4405 2206 4455 7.

1938 4565 2009 4641 h)
2047 4568 2301 4647 Apolog.
2330 4571 2374 4631 1.
2403 4569 2593 4630 initio.

1243 4654 1290 4729 l)
1328 4655 1626 4732 Psg.3oo.
1666 4667 1718 4714 1.
1809 4694 1814 4701 ·
1889 4696 1896 4703 ·
2075 4702 2082 4706 .
2203 4687 2208 4695 ·
2633 4654 2648 4667 ’

2381 4391 2450 4465 b)
2482 4360 2551 4449 ⁸in
2582 4393 2752 4452 Aelio
2780 4413 2828 4451 c.
2859 4406 2911 4455 2.

1242 4478 1306 4535 in
1332 4473 1504 4533 Aelio
1534 4496 1583 4533 c.
1614 4485 1670 4539 5.
1711 4476 2034 4553 Capitolia.
2077 4479 2139 4535 iu
2174 4480 2381 4541 Aurel.
2416 4499 2466 4538 c.
2496 4490 2548 4543 5.
2581 4494 2639 4541 et
2665 4482 2727 4541 iu
2758 4484 2916 4544 Vero
2948 4505 3002 4546 c.
3018 4494 3073 4545 2.

1150 4611 1156 4617 .
1243 4567 1312 4645 g)
1352 4566 1488 4642 Peg.
1520 4573 1646 4627 258.
1687 4576 1743 4628 2.

3091 4400 3153 4469 c)
3186 4394 3248 4452 in
3277 4397 3577 4455 Antonino
3609 4419 3658 4457 c.
3684 4407 3738 4461 4.
3917 4398 3986 4471 d)
4025 4400 4307 4478 spartian.

3233 4490 3293 4559 e)
3326 4489 3462 4565 Psg.
3488 4500 3580 4562 29.
3611 4499 3695 4554 13.
3846 4488 3898 4562 f)
3927 4490 4062 4567 Pag.
4084 4502 4234 4551 1121.
4258 4500 4302 4552 7-

2792 4573 2843 4669 i)
2877 4573 3198 4654 capitolin.
3238 4575 3302 4636 in
3331 4575 3494 4638 Vero
3525 4596 3575 4636 t.
3612 4588 3666 4643 3.
3885 4579 3956 4651 k)
3996 4577 4151 4640 Ibid.
4183 4578 4224 4638 l.
4262 4594 4305 4633 c.
