4652 5937
1229 418 1698 493 MAGNIA
1771 412 2238 497 VRBICA.

144 603 371 667 malo
416 601 696 687 gestavit
731 615 991 666 uterum
1024 603 1299 681 Vrbica‚
1344 621 1537 691 atque
1573 609 1689 671 ite-

149 719 337 769 rato
409 704 697 789 quidem.
770 705 959 772 Vnde
1017 705 1191 766 istud
1247 707 1479 788 probat
1541 710 1691 771 Bel-

150 806 443 888 leyus?
494 825 575 867 ex
626 806 824 880 binis,
871 807 995 881 ait,
1047 806 1286 890 puellis
1328 808 1689 870 Pudicitiae

158 908 461 971 sedenti
500 905 848 968 adstitutis.
897 910 1143 973 Verum
1186 908 1239 968 si
1274 909 1346 970 hi
1383 910 1692 976 Vrbicam

156 1009 290 1071 bis
324 1006 680 1071 fecu‘ndam
708 1022 1007 1092 arguunt,
1035 1008 1231 1069 esiam
1253 1031 1523 1074 necesse
1546 1012 1693 1083 erit,

159 1110 583 1171 Plautinum
632 1110 1003 1170 Caracallae
1054 1109 1276 1174 dicere
1326 1112 1695 1189 secundam,

171 1211 517 1296 quoniam
564 1211 626 1270 in
681 1210 875 1291 hujus
930 1233 1127 1273 numo
1170 1214 1495 1297 inscripto
1525 1215 1707 1273 P1E·

176 1312 412 1377 TAS.
455 1311 717 1374 AVGG.
778 1312 1167 1395 proponitur
1210 1316 1449 1375 mulier
1495 1315 1703 1377 infan·
1748 1306 1760 1323 ⁸

178 1426 338 1476 tem
378 1411 450 1472 in
492 1413 636 1472 sinu
671 1427 965 1495 gestans,
1015 1428 1122 1474 aut
1162 1413 1508 1478 Otaciliam
1549 1418 1700 1477 Ph'i-

180 1514 374 1599 lippi
415 1528 645 1597 quater
680 1512 1061 1585 secundam,
1107 1517 1409 1599 quoniam
1453 1518 1520 1577 in
1559 1518 1701 1600 ejus

182 1636 415 1677 numo
481 1614 814 1675 PIETAS.
879 1614 1348 1681 AVGVS'I'AE
1423 1635 1704 1700 quatuor

186 1716 859 1806 puellae-mulierem
899 1718 1338 1780 circumstant.
1389 1720 1568 1781 Idem
1606 1743 1707 1783 ar·

200 1819 362 1902 guit
429 1817 659 1877 similis
717 1838 950 1879 numus
1026 1818 1304 1880 Sabinae
1370 1821 1705 1897 Hadriani,

199 1940 414 2005 quam
474 1932 654 1980 certe
716 1940 1041 2002 nunquam
1113 1919 1317 1981 fuisse
1374 1923 1706 2004 gravidam

204 2032 499 2084 constat.
542 2019 622 2079 si
670 2039 832 2102 ergo
879 2019 942 2078 in
991 2019 1090 2079 his
1138 2023 1351 2081 numis
1396 2022 1711 2085 adstantia

208 2118 473 2184 minuta
510 2121 691 2204 signa
731 2142 1134 2205 nequaquam
1178 2142 1522 2183 numerum
1564 2144 1715 2205 pro-

206 2222 426 2300 lium,
473 2221 590 2282 sed
634 2221 903 2282 Pietatis
950 2208 1259 2304 symbola
1291 2225 1714 2300 constituunt,

218 2323 360 2385 dici
397 2324 592 2384 etiam
640 2324 921 2404 poterit,
967 2324 1079 2384 illa
1116 2324 1180 2384 in
1219 2347 1418 2386 numo
1464 2324 1715 2397 Pudici-

217 2424 359 2485 tiae
426 2424 719 2503 symbola
781 2414 1204 2488 constituere.
1299 2426 1431 2489 Sed
1488 2427 1717 2488 demus

226 2522 433 2586 etiam
476 2524 796 2600 Bellero,
865 2522 968 2583 his
1006 2526 1219 2608 >signis
1270 2526 1546 2589 indicari
1598 2530 1722 2594 Vr·

223 2625 422 2688 bicae
476 2624 770 2697 -liberos,
834 2643 952 2686 eur
1018 2640 1368 2710 propterea
1421 2648 1553 2687 non
1607 2648 1724 2711 po-

225 2717 434 2787 tuerit
475 2744 619 2786 esse
659 2724 874 2786 Carini
910 2747 1105 2800 uxor,
1151 2751 1280 2791 non
1320 2729 1473 2790 satis
1509 2729 1721 2791 video.

232 2825 629 2889 Praeferunt
690 2833 906 2910 togam
966 2828 1261 2902 virilem,
1326 2853 1450 2914 qua
1514 2844 1725 2892 aetate

228 2929 481 2991 liberos
533 2929 644 2989 illa
699 2925 942 2990 habere
1000 2950 1128 2991 non
1177 2932 1407 3013 potuit.
1474 2931 1725 2997 Verum

237 3050 318 3087 an
369 3029 520 3087 satis
570 3027 979 3103 probaverit,
1044 3043 1301 3110 togam,
1356 3054 1481 3114 qua
1542 3033 1587 3091 ii
1634 3035 1730 3092 in-

240 3125 380 3188 duti
442 3137 855 3205 comparent,
928 3144 1159 3188 revera
1216 3148 1363 3190 esse
1421 3131 1727 3190 virilem?

244 3225 442 3320 Quod
477 3225 529 3285 si
575 3222 674 3295 hi,
715 3237 785 3284 ut
821 3224 1178 3299 existimat,
1225 3230 1573 3290 cei-tisunt
1615 3231 1732 3289 Ca·

242 3330 425 3390 rinus
490 3340 557 3387 et
609 3325 1077 3397 Numerianus,
1142 3348 1220 3388 an
1281 3328 1436 3389 satis
1493 3329 1731 3389 horum

250 3429 614 3491 consultum
676 3425 948 3501 honori,
1023 3427 1176 3487 dum
1246 3429 1325 3504 ii,
1384 3432 1533 3513 qui,
1602 3447 1734 3512 quo

248 3545 544 3612 tempore
584 3529 871 3608 signatus
907 3527 1030 3590 fuit
1070 3529 1176 3592 hic
1221 3531 1583 3594 Pudicitiae
1619 3552 1735 3590 nu·
1782 3573 1797 3578 ἢ

253 3652 426 3702 mus,
474 3631 598 3712 jam
652 3632 1000 3703 Caesares,
1055 3631 1526 3715 imperatores,
1584 3652 1736 3693 con-

258 3733 557 3814 sulesque
610 3730 907 3805 fuerunt,
970 3731 1110 3792 sola
1160 3732 1381 3794 amicti
1434 3746 1587 3815 toga
1648 3731 1740 3793 vi-

256 3833 398 3907 rili,
454 3832 638 3892 nullo
690 3833 819 3892 alio
877 3832 1120 3894 indicio
1168 3855 1203 3894 a
1248 3832 1484 3915 privati
1538 3832 1735 3895 modo

258 3931 784 4015 distinguuntur?
844 3934 1042 4015 Atqui
1100 3933 1154 3993 si
1197 3935 1467 4018 Vopisci
1520 3936 1738 3996 verbis

259 4033 648 4115 pertinacius
685 4033 1072 4094 sententiam
1118 4055 1298 4097 suam
1338 4048 1590 4111 tuetur,
1635 4037 1743 4097 iis·

263 4133 405 4195 dem
454 4147 521 4195 et
575 4153 782 4194 meam
838 4133 1112 4213 tuebor3
1165 4156 1296 4197 non
1348 4137 1465 4208 ait,
1516 4139 1740 4219 pulsas

267 4255 301 4295 a
340 4233 568 4295 Carino
604 4256 818 4299 omnes
847 4249 1315 4318 praegnantes,
1353 4234 1468 4298 sed
1495 4241 1741 4314 pleras-

267 4353 410 4416 que,
464 4352 625 4417 ergo
667 4357 894 4418 passus
940 4349 1155 4400 tamen
1199 4352 1309 4401 est
1348 4338 1628 4423 aliquas,
1673 4341 1738 4400 in

3140 442 3286 524 519

1804 627 2075 690 quarum
2154 626 2432 671 numero
2492 606 2737 672 Vrbica
2806 608 2968 673 haec
3044 624 3291 687 nostra,

1807 706 2078 790 ejusque
2106 722 2439 791 postrema
2468 730 2636 772 uxor
2667 729 2812 772 esse
2846 711 3086 795 potuit,
3126 732 3292 796 quae

1807 825 1880 867 se
1917 807 2064 888 plus
2107 809 2322 871 mariti
2365 809 2631 891 ingenio
2671 811 3294 890 adcommodaverit‚

1800 906 1928 969 sed
1968 899 2141 969 forto
2177 908 2341 972 haec
2377 906 2638 993 quoque
2666 913 3080 994 repudianda
3116 914 3298 997 paul-

1786 1007 1876 1069 -lo
1908 1021 2088 1091 post,
2120 1009 2260 1071 -nisi
2289 1011 2741 1072 Diocletianus
2775 1012 3066 1094 repudiis
3098 1013 3297 1077 finem

1806 1110 2096 1171 fecisset.
2126 1110 2433 1195 Denique
2460 1132 2592 1171 non
2622 1113 3302 1193 praetermittendum,

1806 1208 2317 1293 quod-advertit
2367 1210 3095 1292 Khellius‚'juniorem
3157 1235 3300 1279 eam

1810 1310 1879 1371 in
1916 1311 2136 1371 numis
2175 1313 2491 1395 proponi,
2549 1314 2744 1397 quam'
2783 1328 2857 1376 ut
2893 1314 3144 1387 Carini,
3191 1312 3306 1397 (lui

1815 1408 1945 1493 jam
1991 1412 2074 1472 ad
2108 1411 2341 1493 justam
2383 1425 2659 1475 aetatem
2701 1430 3128 1496 pervenerat,
3177 1438 3308 1476 ma·

1818 1525 1924 1574 ter
1958 1511 2188 1575 haberi
2222 1528 2467 1597 posset.
2510 1519 2729 1598 Atque
2765 1514 2928 1578 haec
2963 1536 3311 1598 argumen-

1820 1626 1884 1675 ta
1935 1615 2062 1677 etsi
2115 1635 2247 1676 non
2293 1617 2641 1688 evincunt,
2688 1615 3047 1678 verisimile
3091 1631 3314 1679 tamen

1819 1714 2103 1789 faciunt,
2160 1715 2471 1783 Vrbieam
2511 1717 2729 1777 Carini
2763 1736 3039 1780 uxorem
3071 1718 3315 1802 potius,

1822 1835 2011 1898 quam
2052 1830 2323 1878 matrem
2362 1819 2708 1879 exstitisse.

1954 1918 2265 1978 Ceterum
2294 1916 2729 1980 ‘Stosehianus
2757 1916 2872 1980 hic
2902 1939 3137 1980 numus
3169 1922 3319 2001 per-

1825 2037 2051 2102 peram
2106 2015 2186 2077 ad
2237 2016 2555 2099 judicium
2609 2030 2913 2094 vocatur,
2975 2021 3032 2080 si
3086 2039 3317 2081 verum

1831 2132 1929 2180 est
1951 2163 1977 2192 ‚-
2016 2119 2190 2201 quod
2229 2119 2335 2179 vir
2371 2119 2628 2201 quidam
2667 2119 2735 2180 in
2770 2119 3043 2181 historia
3079 2119 3323 2179 numis-
3361 2170 3364 2173 .

1831 2220 2063 2280 matica
2115 2220 2453 2302 praeclare
2504 2219 2798 2282 eruditus
2849 2216 3010 2282 mihi
3058 2220 3326 2281 adseve-

1831 2323 2036 2393 ravit,
2094 2341 2242 2382 eum
2289 2321 2428 2403 ipsa
2475 2322 2760 2383 Stoschii
2800 2335 3009 2383 aetate
3051 2320 3356 2380 Flex-eu·-

1834 2423 1964 2481 tiae
2025 2442 2107 2482 ex
2165 2421 2560 2485 fraudatoris
2620 2422 2791 2482 mala
2853 2419 3114 2484 officina
3173 2439 3325 2501 pto-

1828 2521 2099 2586 divisse.

2375 2774 2380 2780 -
2437 2731 2724 2790 Numi.-

2127 2928 2399 3007 MAGN.

2126 3033 2332 3096 Avo.

2129 3134 2549 3192 MAGNIAE.
2583 3135 2991 3197 VRBICAE.
3034 3133 3237 3202 AVG.

1974 3231 2251 3290 Praeter
2289 3231 2433 3310 ejus
2465 3253 2733 3291 numum
2771 3254 2966 3314 supra
3008 3231 3340 3294 laudatum

1850 3349 1975 3388 una
2004 3350 2149 3390 eum
2184 3331 2392 3412 capite
2424 3332 2674 3405 Carini,
2711 3330 2992 3393 simodo
3021 3335 3340 3416 genuinus

1851 3429 2208 3511 putandus,
2255 3431 2662 3493 memorandi
2704 3431 2955 3494 adhuc:

2134 3537 2376 3594 Amica
2411 3536 2627 3594 solita.

1849 3633 2318 3698 PvmclTlA.
2357 3632 2559 3700 AVG.
2623 3638 2862 3697 Mulier
2893 3635 3115 3697 sedens
3147 3642 3209 3699 d.
3243 3659 3345 3701 ve-

1836 3737 1984 3808 ·lum
2015 3738 2219 3811 capita·
2252 3738 2527 3797 obducit.
2579 3735 2720 3802 AV.
2770 3737 2968 3816 (Mus.
3003 3737 3218 3819 Caes.)
3263 3742 3344 3800 In

1852 3839 2008 3896 aliis
2051 3839 2316 3897 adstant
2346 3847 2685 3915 praeterea
2723 3841 2848 3899 duo
2890 3840 3134 3917 puelli,
3177 3859 3345 3914 pone

1844 3939 2161 3999 Felicitas
2212 3942 2404 3997 sedili
2454 3941 2685 3998 iunia-a
2738 3942 2800 3997 d.
2857 3943 3202 3999 caduceum
3221 3984 3239 4013 ‚
3293 3962 3343 4001 a.

1850 4039 2294 4114 cornucopiae.
2332 4038 2469 4099 AE.
2501 4055 2669 4099 max.
2702 4038 2876 4099 mod.
2901 4039 3104 4117 (Mus.
3128 4040 3342 4121 Caes.)

1982 4138 2087 4196 De
2132 4136 2231 4195 his
2264 4138 2488 4200 numis
2520 4135 2732 4202 actum
2775 4139 3084 4200 continuo
3127 4160 3341 4221 supra.

1982 4237 2180 4298 Numi
2214 4237 2457 4321 reliqui
2490 4238 3092 4302 continent-obvios
3127 4244 3348 4322 Augu·

1855 4352 2096 4403 starum
2142 4351 2352 4423 typos.

2452 2934 2558 2994 vet
2604 2911 2967 2993 MAGNJA.
3009 2928 3333 2998 vemet

3393 510 3422 545 Χ
