<?xml version="1.0" encoding="UTF-8"?>
<!DOCTYPE html PUBLIC "-//W3C//DTD XHTML 1.0 Transitional//EN"
    "http://www.w3.org/TR/xhtml1/DTD/xhtml1-transitional.dtd">
<html xmlns="http://www.w3.org/1999/xhtml" xml:lang="en" lang="en">
 <head>
  <title>
</title>
<meta http-equiv="Content-Type" content="text/html;charset=utf-8" />
  <meta name='ocr-system' content='tesseract 3.04.00' />
  <meta name='ocr-capabilities' content='ocr_page ocr_carea ocr_par ocr_line ocrx_word'/>
</head>
<body>
  <div class='ocr_page' id='page_1' title='image "./doctrinanumorum05hohlgoog_0142.png"; bbox 0 0 4652 5937; ppageno 0'>
   <div class='ocr_carea' id='block_1_1' title="bbox 1380 475 2924 741">
    <p class='ocr_par' dir='ltr' id='par_1_1' title="bbox 1380 475 2924 741">
     <span class='ocr_line' id='line_1_1' title="bbox 1380 475 1578 576; baseline 0 -1"><span class='ocrx_word' id='word_1_1' title='bbox 1380 518 1386 524; x_wconf 88' lang='lat'><strong>·</strong></span> <span class='ocrx_word' id='word_1_2' title='bbox 1437 475 1578 576; x_wconf 57' lang='lat'><strong>12&#39;8</strong></span> 
     </span>
     <span class='ocr_line' id='line_1_2' title="bbox 1717 642 2924 741; baseline -0.009 -3"><span class='ocrx_word' id='word_1_3' title='bbox 1717 675 1891 737; x_wconf 75' lang='lat' dir='ltr'><strong>modi</strong></span> <span class='ocrx_word' id='word_1_4' title='bbox 1905 673 2230 734; x_wconf 71' lang='lat' dir='ltr'><strong>radiatum</strong></span> <span class='ocrx_word' id='word_1_5' title='bbox 2250 712 2267 741; x_wconf 90' lang='lat'><strong>,</strong></span> <span class='ocrx_word' id='word_1_6' title='bbox 2299 642 2569 730; x_wconf 59' lang='lat' dir='ltr'><strong>alterum</strong></span> <span class='ocrx_word' id='word_1_7' title='bbox 2599 668 2924 740; x_wconf 63' lang='lat' dir='ltr'><strong>mullebre,</strong></span> 
     </span>
    </p>
   </div>
   <div class='ocr_carea' id='block_1_2' title="bbox 1714 771 2643 853">
    <p class='ocr_par' dir='ltr' id='par_1_2' title="bbox 1714 771 2643 853">
     <span class='ocr_line' id='line_1_3' title="bbox 1714 771 2643 853; baseline -0.01 -16"><span class='ocrx_word' id='word_1_8' title='bbox 1714 779 1899 853; x_wconf 79' lang='lat' dir='ltr'><strong>cujus</strong></span> <span class='ocrx_word' id='word_1_9' title='bbox 1926 775 2173 851; x_wconf 72' lang='lat' dir='ltr'><strong>pectora·</strong></span> <span class='ocrx_word' id='word_1_10' title='bbox 2205 775 2424 851; x_wconf 65' lang='lat' dir='ltr'><strong>adfixa</strong></span> <span class='ocrx_word' id='word_1_11' title='bbox 2445 771 2643 847; x_wconf 82' lang='lat' dir='ltr'><strong>pella.</strong></span> 
     </span>
    </p>
   </div>
   <div class='ocr_carea' id='block_1_3' title="bbox 1430 872 2926 1257">
    <p class='ocr_par' dir='ltr' id='par_1_3' title="bbox 1431 872 2925 941">
     <span class='ocr_line' id='line_1_4' title="bbox 1431 872 2925 941; baseline -0.005 -1"><span class='ocrx_word' id='word_1_12' title='bbox 1431 877 1768 941; x_wconf 83' lang='lat' dir='ltr'><strong>PIETAS.</strong></span> <span class='ocrx_word' id='word_1_13' title='bbox 1824 876 2025 940; x_wconf 77' lang='lat' dir='ltr'><strong>AVG.</strong></span> <span class='ocrx_word' id='word_1_14' title='bbox 2062 876 2133 934; x_wconf 90' lang='lat' dir='ltr'><strong>P.</strong></span> <span class='ocrx_word' id='word_1_15' title='bbox 2167 876 2258 934; x_wconf 88' lang='lat' dir='ltr'><strong>M.</strong></span> <span class='ocrx_word' id='word_1_16' title='bbox 2295 874 2434 932; x_wconf 80' lang='grc' dir='ltr'><strong>ΤΒ.</strong></span> <span class='ocrx_word' id='word_1_17' title='bbox 2471 872 2544 930; x_wconf 89' lang='grc' dir='ltr'><strong>Ρ.</strong></span> <span class='ocrx_word' id='word_1_18' title='bbox 2581 902 2610 915; x_wconf 90' lang='grc'>-</span> <span class='ocrx_word' id='word_1_19' title='bbox 2642 902 2669 916; x_wconf 88' lang='lat'><strong>·</strong></span> <span class='ocrx_word' id='word_1_20' title='bbox 2700 902 2728 916; x_wconf 92' lang='lat'><strong>·</strong></span> <span class='ocrx_word' id='word_1_21' title='bbox 2782 875 2925 933; x_wconf 81' lang='lat' dir='ltr'><strong>Mu-</strong></span> 
     </span>
    </p>

    <p class='ocr_par' dir='ltr' id='par_1_4' title="bbox 1432 974 2926 1056">
     <span class='ocr_line' id='line_1_5' title="bbox 1432 974 2926 1056; baseline -0.009 -13"><span class='ocrx_word' id='word_1_22' title='bbox 1432 986 1552 1043; x_wconf 81' lang='lat' dir='ltr'><strong>lier</strong></span> <span class='ocrx_word' id='word_1_23' title='bbox 1577 983 1824 1054; x_wconf 44' lang='lat' dir='ltr'><strong>„sedeas</strong></span> <span class='ocrx_word' id='word_1_24' title='bbox 1877 980 1939 1036; x_wconf 87' lang='lat' dir='ltr'><strong>d.</strong></span> <span class='ocrx_word' id='word_1_25' title='bbox 1973 976 2261 1036; x_wconf 78' lang='lat' dir='ltr'><strong>adstanti</strong></span> <span class='ocrx_word' id='word_1_26' title='bbox 2309 974 2553 1056; x_wconf 60' lang='lat' dir='ltr'><strong>infanti</strong></span> <span class='ocrx_word' id='word_1_27' title='bbox 2598 975 2758 1054; x_wconf 67' lang='lat' dir='ltr'><strong>quid</strong></span> <span class='ocrx_word' id='word_1_28' title='bbox 2775 994 2926 1053; x_wconf 77' lang='lat' dir='ltr'><strong>por·</strong></span> 
     </span>
    </p>

    <p class='ocr_par' dir='ltr' id='par_1_5' title="bbox 1430 1073 2922 1257">
     <span class='ocr_line' id='line_1_6' title="bbox 1430 1073 2720 1162; baseline -0.005 -19"><span class='ocrx_word' id='word_1_29' title='bbox 1430 1086 1605 1162; x_wconf 65' lang='lat' dir='ltr'><strong>riqiz.</strong></span> <span class='ocrx_word' id='word_1_30' title='bbox 1667 1081 1805 1141; x_wconf 83' lang='grc' dir='ltr'><strong>ΑΕ.</strong></span> <span class='ocrx_word' id='word_1_31' title='bbox 1841 1099 2010 1139; x_wconf 81' lang='lat' dir='ltr'><strong>max.</strong></span> <span class='ocrx_word' id='word_1_32' title='bbox 2050 1074 2226 1136; x_wconf 90' lang='lat' dir='ltr'><strong>mod.</strong></span> <span class='ocrx_word' id='word_1_33' title='bbox 2284 1076 2481 1154; x_wconf 81' lang='lat' dir='ltr'><strong>(Reg.</strong></span> <span class='ocrx_word' id='word_1_34' title='bbox 2515 1073 2720 1153; x_wconf 85' lang='lat' dir='ltr'><strong>Gall.)</strong></span> 
     </span>
     <span class='ocr_line' id='line_1_7' title="bbox 1556 1165 2922 1257; baseline -0.007 -13"><span class='ocrx_word' id='word_1_35' title='bbox 1556 1181 1956 1245; x_wconf 83' lang='lat' dir='ltr'><strong>Numismata</strong></span> <span class='ocrx_word' id='word_1_36' title='bbox 1988 1173 2251 1238; x_wconf 83' lang='lat' dir='ltr'><strong>maximi</strong></span> <span class='ocrx_word' id='word_1_37' title='bbox 2283 1175 2533 1236; x_wconf 86' lang='lat' dir='ltr'><strong>moduli</strong></span> <span class='ocrx_word' id='word_1_38' title='bbox 2564 1165 2793 1257; x_wconf 81' lang='lat' dir='ltr'><strong>hujus,</strong></span> <span class='ocrx_word' id='word_1_39' title='bbox 2854 1190 2922 1239; x_wconf 84' lang='lat' dir='ltr'><strong>et</strong></span> 
     </span>
    </p>
   </div>
   <div class='ocr_carea' id='block_1_4' title="bbox 1429 1278 2997 1368">
    <p class='ocr_par' dir='ltr' id='par_1_6' title="bbox 1429 1278 2997 1368">
     <span class='ocr_line' id='line_1_8' title="bbox 1429 1278 2997 1368; baseline -0.003 -22"><span class='ocrx_word' id='word_1_40' title='bbox 1429 1282 1762 1368; x_wconf 85' lang='lat' dir='ltr'><strong>sequentis</strong></span> <span class='ocrx_word' id='word_1_41' title='bbox 1791 1279 1938 1342; x_wconf 89' lang='lat' dir='ltr'><strong>anni</strong></span> <span class='ocrx_word' id='word_1_42' title='bbox 1974 1299 2106 1339; x_wconf 89' lang='lat' dir='ltr'><strong>non</strong></span> <span class='ocrx_word' id='word_1_43' title='bbox 2141 1297 2291 1339; x_wconf 90' lang='lat' dir='ltr'><strong>raro</strong></span> <span class='ocrx_word' id='word_1_44' title='bbox 2349 1290 2540 1359; x_wconf 85' lang='lat' dir='ltr'><strong>eaput</strong></span> <span class='ocrx_word' id='word_1_45' title='bbox 2578 1278 2921 1342; x_wconf 82' lang='lat' dir='ltr'>Commodi</span> <span class='ocrx_word' id='word_1_46' title='bbox 2986 1295 2997 1302; x_wconf 92' lang='grc'><strong><em>’</em></strong></span> 
     </span>
    </p>
   </div>
   <div class='ocr_carea' id='block_1_5' title="bbox 1429 1377 2922 1972">
    <p class='ocr_par' dir='ltr' id='par_1_7' title="bbox 1429 1377 2922 1972">
     <span class='ocr_line' id='line_1_9' title="bbox 1431 1377 2922 1462; baseline -0.005 -13"><span class='ocrx_word' id='word_1_47' title='bbox 1431 1408 1580 1449; x_wconf 86' lang='lat' dir='ltr'><strong>cum</strong></span> <span class='ocrx_word' id='word_1_48' title='bbox 1631 1381 1937 1447; x_wconf 83' lang='lat' dir='ltr'>muliebri</span> <span class='ocrx_word' id='word_1_49' title='bbox 1989 1379 2282 1462; x_wconf 85' lang='lat' dir='ltr'><strong>jugatum</strong></span> <span class='ocrx_word' id='word_1_50' title='bbox 2346 1377 2653 1442; x_wconf 81' lang='lat' dir='ltr'><strong>offerunt.</strong></span> <span class='ocrx_word' id='word_1_51' title='bbox 2739 1381 2922 1443; x_wconf 81' lang='lat' dir='ltr'>Istud</span> 
     </span>
     <span class='ocr_line' id='line_1_10' title="bbox 1432 1479 2919 1571; baseline -0.004 -22"><span class='ocrx_word' id='word_1_52' title='bbox 1432 1489 1755 1571; x_wconf 82' lang='lat' dir='ltr'><strong>galeatum</strong></span> <span class='ocrx_word' id='word_1_53' title='bbox 1827 1482 2217 1565; x_wconf 87' lang='lat' dir='ltr'><strong>plerumque</strong></span> <span class='ocrx_word' id='word_1_54' title='bbox 2275 1493 2407 1554; x_wconf 90' lang='lat' dir='ltr'><strong>est,</strong></span> <span class='ocrx_word' id='word_1_55' title='bbox 2466 1479 2919 1565; x_wconf 77' lang='lat' dir='ltr'><strong>creditumque</strong></span> 
     </span>
     <span class='ocr_line' id='line_1_11' title="bbox 1431 1578 2921 1669; baseline -0.005 -20"><span class='ocrx_word' id='word_1_56' title='bbox 1431 1585 1842 1669; x_wconf 83' lang='lat' dir='ltr'><strong>antiquariis,</strong></span> <span class='ocrx_word' id='word_1_57' title='bbox 1923 1582 2040 1643; x_wconf 88' lang='lat' dir='ltr'><strong>illo</strong></span> <span class='ocrx_word' id='word_1_58' title='bbox 2085 1578 2365 1662; x_wconf 79' lang='lat' dir='ltr'><strong>effigiari</strong></span> <span class='ocrx_word' id='word_1_59' title='bbox 2412 1580 2720 1642; x_wconf 83' lang='lat' dir='ltr'>Marciam</span> <span class='ocrx_word' id='word_1_60' title='bbox 2768 1602 2921 1643; x_wconf 88' lang='lat' dir='ltr'><strong>eon-</strong></span> 
     </span>
     <span class='ocr_line' id='line_1_12' title="bbox 1431 1679 2918 1766; baseline -0.004 -17"><span class='ocrx_word' id='word_1_61' title='bbox 1431 1687 1730 1749; x_wconf 87' lang='lat' dir='ltr'><strong>cubinam</strong></span> <span class='ocrx_word' id='word_1_62' title='bbox 1754 1727 1771 1758; x_wconf 91' lang='lat'><strong>,</strong></span> <span class='ocrx_word' id='word_1_63' title='bbox 1816 1703 2006 1766; x_wconf 88' lang='lat' dir='ltr'><strong>quam</strong></span> <span class='ocrx_word' id='word_1_64' title='bbox 2027 1679 2285 1763; x_wconf 88' lang='lat' dir='ltr'><strong>perdite</strong></span> <span class='ocrx_word' id='word_1_65' title='bbox 2308 1679 2683 1762; x_wconf 83' lang='lat' dir='ltr'><strong>deperibat,</strong></span> <span class='ocrx_word' id='word_1_66' title='bbox 2730 1701 2918 1764; x_wconf 88' lang='lat' dir='ltr'><strong>prae-</strong></span> 
     </span>
     <span class='ocr_line' id='line_1_13' title="bbox 1429 1780 2916 1868; baseline -0.003 -20"><span class='ocrx_word' id='word_1_67' title='bbox 1429 1789 1620 1868; x_wconf 82' lang='lat' dir='ltr'><strong>cipue</strong></span> <span class='ocrx_word' id='word_1_68' title='bbox 1651 1786 1716 1846; x_wconf 91' lang='lat' dir='ltr'><strong>in</strong></span> <span class='ocrx_word' id='word_1_69' title='bbox 1751 1783 2098 1846; x_wconf 81' lang='lat' dir='ltr'><strong>Amazonis</strong></span> <span class='ocrx_word' id='word_1_70' title='bbox 2125 1780 2384 1856; x_wconf 88' lang='lat' dir='ltr'><strong>habitu,</strong></span> <span class='ocrx_word' id='word_1_71' title='bbox 2433 1800 2561 1864; x_wconf 86' lang='lat' dir='ltr'><strong>quo</strong></span> <span class='ocrx_word' id='word_1_72' title='bbox 2598 1802 2740 1844; x_wconf 87' lang='lat' dir='ltr'><strong>eam</strong></span> <span class='ocrx_word' id='word_1_73' title='bbox 2756 1781 2916 1865; x_wconf 81' lang='lat' dir='ltr'><strong>fingi</strong></span> 
     </span>
     <span class='ocr_line' id='line_1_14' title="bbox 1429 1885 2918 1972; baseline -0.003 -24"><span class='ocrx_word' id='word_1_74' title='bbox 1429 1888 1818 1972; x_wconf 87' lang='lat' dir='ltr'><strong>plerumque</strong></span> <span class='ocrx_word' id='word_1_75' title='bbox 1859 1886 2066 1947; x_wconf 73' lang='lat' dir='ltr'><strong>voluit</strong></span> <span class='ocrx_word' id='word_1_76' title='bbox 2099 1885 2191 1964; x_wconf 75' lang='lat'><strong>⁸),</strong></span> <span class='ocrx_word' id='word_1_77' title='bbox 2252 1896 2316 1945; x_wconf 88' lang='lat' dir='ltr'><strong>et</strong></span> <span class='ocrx_word' id='word_1_78' title='bbox 2341 1904 2532 1966; x_wconf 88' lang='lat' dir='ltr'><strong>quam</strong></span> <span class='ocrx_word' id='word_1_79' title='bbox 2568 1886 2918 1967; x_wconf 80' lang='lat' dir='ltr'><strong>tantoqui-</strong></span> 
     </span>
    </p>
   </div>
   <div class='ocr_carea' id='block_1_6' title="bbox 1430 1981 2949 2069">
    <p class='ocr_par' dir='ltr' id='par_1_8' title="bbox 1430 1981 2949 2069">
     <span class='ocr_line' id='line_1_15' title="bbox 1430 1981 2949 2069; baseline -0.001 -20"><span class='ocrx_word' id='word_1_80' title='bbox 1430 1989 1580 2049; x_wconf 88' lang='lat' dir='ltr'><strong>‹lem</strong></span> <span class='ocrx_word' id='word_1_81' title='bbox 1618 2007 1819 2069; x_wconf 86' lang='lat' dir='ltr'><strong>opere</strong></span> <span class='ocrx_word' id='word_1_82' title='bbox 1841 1986 1964 2049; x_wconf 90' lang='lat' dir='ltr'><strong>hoc</strong></span> <span class='ocrx_word' id='word_1_83' title='bbox 2007 1987 2186 2048; x_wconf 86' lang='lat' dir='ltr'><strong>cultu</strong></span> <span class='ocrx_word' id='word_1_84' title='bbox 2222 1985 2484 2059; x_wconf 83' lang='lat' dir='ltr'><strong>dilexit,</strong></span> <span class='ocrx_word' id='word_1_85' title='bbox 2530 1998 2601 2046; x_wconf 88' lang='lat' dir='ltr'><strong>ut</strong></span> <span class='ocrx_word' id='word_1_86' title='bbox 2632 1981 2949 2066; x_wconf 40' lang='lat' dir='ltr'><strong>primurn*</strong></span> 
     </span>
    </p>
   </div>
   <div class='ocr_carea' id='block_1_7' title="bbox 1397 2087 2921 4090">
    <p class='ocr_par' dir='ltr' id='par_1_9' title="bbox 1397 2087 2921 4090">
     <span class='ocr_line' id='line_1_16' title="bbox 1428 2087 2919 2167; baseline -0.001 -16"><span class='ocrx_word' id='word_1_87' title='bbox 1428 2088 1579 2151; x_wconf 84' lang='lat' dir='ltr'><strong>anni</strong></span> <span class='ocrx_word' id='word_1_88' title='bbox 1615 2108 1902 2150; x_wconf 87' lang='lat' dir='ltr'><strong>mensem</strong></span> <span class='ocrx_word' id='word_1_89' title='bbox 1956 2087 2033 2148; x_wconf 90' lang='lat' dir='ltr'><strong>ab</strong></span> <span class='ocrx_word' id='word_1_90' title='bbox 2072 2106 2146 2164; x_wconf 80' lang='lat' dir='ltr'><strong>ea</strong></span> <span class='ocrx_word' id='word_1_91' title='bbox 2176 2092 2605 2150; x_wconf 79' lang='lat' dir='ltr'><strong>Amazonium</strong></span> <span class='ocrx_word' id='word_1_92' title='bbox 2638 2093 2919 2167; x_wconf 77' lang='lat' dir='ltr'><strong>appella-</strong></span> 
     </span>
     <span class='ocr_line' id='line_1_17' title="bbox 1426 2188 2921 2272; baseline -0.003 -18"><span class='ocrx_word' id='word_1_93' title='bbox 1426 2203 1521 2254; x_wconf 81' lang='lat' dir='ltr'><strong>ret</strong></span> <span class='ocrx_word' id='word_1_94' title='bbox 1549 2188 1650 2270; x_wconf 87' lang='lat' dir='ltr'><strong>b),</strong></span> <span class='ocrx_word' id='word_1_95' title='bbox 1695 2189 2088 2250; x_wconf 85' lang='lat' dir='ltr'><strong>Amazoniae</strong></span> <span class='ocrx_word' id='word_1_96' title='bbox 2118 2188 2400 2271; x_wconf 82' lang='lat' dir='ltr'>imagine</span> <span class='ocrx_word' id='word_1_97' title='bbox 2434 2189 2656 2251; x_wconf 77' lang='lat' dir='ltr'><strong>literas</strong></span> <span class='ocrx_word' id='word_1_98' title='bbox 2703 2189 2921 2272; x_wconf 80' lang='lat' dir='ltr'><strong>obsig-</strong></span> 
     </span>
     <span class='ocr_line' id='line_1_18' title="bbox 1426 2288 2918 2374; baseline -0.001 -21"><span class='ocrx_word' id='word_1_99' title='bbox 1426 2304 1615 2355; x_wconf 86' lang='lat' dir='ltr'><strong>naret</strong></span> <span class='ocrx_word' id='word_1_100' title='bbox 1647 2288 1738 2370; x_wconf 78' lang='lat' dir='ltr'><strong>c),</strong></span> <span class='ocrx_word' id='word_1_101' title='bbox 1813 2290 1954 2374; x_wconf 89' lang='lat' dir='ltr'><strong>ipse</strong></span> <span class='ocrx_word' id='word_1_102' title='bbox 1991 2290 2352 2351; x_wconf 86' lang='lat' dir='ltr'><strong>Amazonio</strong></span> <span class='ocrx_word' id='word_1_103' title='bbox 2408 2290 2634 2351; x_wconf 86' lang='lat' dir='ltr'><strong>habitu</strong></span> <span class='ocrx_word' id='word_1_104' title='bbox 2681 2290 2747 2350; x_wconf 88' lang='lat' dir='ltr'><strong>in</strong></span> <span class='ocrx_word' id='word_1_105' title='bbox 2777 2311 2918 2353; x_wconf 86' lang='lat' dir='ltr'><strong>are-</strong></span> 
     </span>
     <span class='ocr_line' id='line_1_19' title="bbox 1421 2383 2918 2465; baseline -0.001 -11"><span class='ocrx_word' id='word_1_106' title='bbox 1421 2413 1573 2454; x_wconf 86' lang='lat' dir='ltr'><strong>nam</strong></span> <span class='ocrx_word' id='word_1_107' title='bbox 1622 2383 2094 2465; x_wconf 81' lang='lat' dir='ltr'><strong>descenderet,</strong></span> <span class='ocrx_word' id='word_1_108' title='bbox 2138 2392 2484 2453; x_wconf 84' lang='lat' dir='ltr'><strong>Amazonii</strong></span> <span class='ocrx_word' id='word_1_109' title='bbox 2519 2391 2643 2453; x_wconf 88' lang='lat' dir='ltr'><strong>sibi</strong></span> <span class='ocrx_word' id='word_1_110' title='bbox 2677 2412 2918 2452; x_wconf 90' lang='lat' dir='ltr'><strong>nomen</strong></span> 
     </span>
     <span class='ocr_line' id='line_1_20' title="bbox 1420 2481 2918 2575; baseline -0.001 -21"><span class='ocrx_word' id='word_1_111' title='bbox 1420 2493 1685 2556; x_wconf 83' lang='lat' dir='ltr'><strong>inderet</strong></span> <span class='ocrx_word' id='word_1_112' title='bbox 1730 2481 1871 2574; x_wconf 88' lang='lat' dir='ltr'><strong>ipse</strong></span> <span class='ocrx_word' id='word_1_113' title='bbox 1905 2492 2012 2571; x_wconf 78' lang='lat' dir='ltr'><strong>d),</strong></span> <span class='ocrx_word' id='word_1_114' title='bbox 2075 2489 2409 2575; x_wconf 86' lang='lat' dir='ltr'><strong>illudque,</strong></span> <span class='ocrx_word' id='word_1_115' title='bbox 2472 2492 2596 2554; x_wconf 91' lang='lat' dir='ltr'><strong>etsi</strong></span> <span class='ocrx_word' id='word_1_116' title='bbox 2645 2493 2789 2554; x_wconf 90' lang='lat' dir='ltr'><strong>aliis</strong></span> <span class='ocrx_word' id='word_1_117' title='bbox 2842 2493 2918 2553; x_wconf 89' lang='lat' dir='ltr'><strong>ti·</strong></span> 
     </span>
     <span class='ocr_line' id='line_1_21' title="bbox 1421 2592 2914 2668; baseline -0.001 -10"><span class='ocrx_word' id='word_1_118' title='bbox 1421 2596 1580 2658; x_wconf 89' lang='lat' dir='ltr'><strong>tulis</strong></span> <span class='ocrx_word' id='word_1_119' title='bbox 1601 2594 1924 2655; x_wconf 87' lang='lat' dir='ltr'><strong>interdum</strong></span> <span class='ocrx_word' id='word_1_120' title='bbox 1961 2593 2358 2668; x_wconf 87' lang='lat' dir='ltr'><strong>abstineret,</strong></span> <span class='ocrx_word' id='word_1_121' title='bbox 2400 2592 2914 2656; x_wconf 87' lang='lat' dir='ltr'><strong>omitteretnun-</strong></span> 
     </span>
     <span class='ocr_line' id='line_1_22' title="bbox 1420 2696 2912 2782; baseline 0 -24"><span class='ocrx_word' id='word_1_122' title='bbox 1420 2719 1614 2781; x_wconf 81' lang='lat' dir='ltr'><strong>quam</strong></span> <span class='ocrx_word' id='word_1_123' title='bbox 1646 2698 1725 2777; x_wconf 84' lang='lat' dir='ltr'><strong>e).</strong></span> <span class='ocrx_word' id='word_1_124' title='bbox 1780 2698 1945 2756; x_wconf 87' lang='lat' dir='ltr'><strong>Esse</strong></span> <span class='ocrx_word' id='word_1_125' title='bbox 1977 2696 2359 2778; x_wconf 86' lang='lat' dir='ltr'><strong>caputistud</strong></span> <span class='ocrx_word' id='word_1_126' title='bbox 2375 2699 2701 2782; x_wconf 84' lang='lat' dir='ltr'><strong>galeatum</strong></span> <span class='ocrx_word' id='word_1_127' title='bbox 2723 2700 2912 2760; x_wconf 87' lang='lat' dir='ltr'><strong>Com-</strong></span> 
     </span>
     <span class='ocr_line' id='line_1_23' title="bbox 1423 2795 2909 2882; baseline -0.001 -23"><span class='ocrx_word' id='word_1_128' title='bbox 1423 2798 1768 2860; x_wconf 86' lang='lat' dir='ltr'><strong>modianae</strong></span> <span class='ocrx_word' id='word_1_129' title='bbox 1836 2795 2030 2876; x_wconf 88' lang='lat' dir='ltr'><strong>hujus</strong></span> <span class='ocrx_word' id='word_1_130' title='bbox 2083 2799 2411 2875; x_wconf 82' lang='lat' dir='ltr'><strong>Marciae,</strong></span> <span class='ocrx_word' id='word_1_131' title='bbox 2473 2799 2651 2882; x_wconf 89' lang='lat' dir='ltr'><strong>quod</strong></span> <span class='ocrx_word' id='word_1_132' title='bbox 2697 2799 2909 2862; x_wconf 82' lang='lat' dir='ltr'><strong>visum</strong></span> 
     </span>
     <span class='ocr_line' id='line_1_24' title="bbox 1422 2897 2910 2976; baseline 0.001 -19"><span class='ocrx_word' id='word_1_133' title='bbox 1422 2897 1736 2966; x_wconf 86' lang='lat' dir='ltr'><strong>eruditis.</strong></span> <span class='ocrx_word' id='word_1_134' title='bbox 1809 2897 2171 2959; x_wconf 76' lang='lat' dir='ltr'><strong>verisimile</strong></span> <span class='ocrx_word' id='word_1_135' title='bbox 2220 2899 2404 2976; x_wconf 87' lang='lat' dir='ltr'><strong>satis,</strong></span> <span class='ocrx_word' id='word_1_136' title='bbox 2471 2899 2595 2961; x_wconf 88' lang='lat' dir='ltr'><strong>etsi</strong></span> <span class='ocrx_word' id='word_1_137' title='bbox 2638 2899 2910 2960; x_wconf 88' lang='lat' dir='ltr'><strong>aliarum</strong></span> 
     </span>
     <span class='ocr_line' id='line_1_25' title="bbox 1421 2997 2908 3081; baseline 0.001 -22"><span class='ocrx_word' id='word_1_138' title='bbox 1421 2997 1929 3080; x_wconf 83' lang='lat' dir='ltr'><strong>explicationum</strong></span> <span class='ocrx_word' id='word_1_139' title='bbox 1995 3013 2168 3060; x_wconf 85' lang='lat' dir='ltr'><strong>esset</strong></span> <span class='ocrx_word' id='word_1_140' title='bbox 2213 3000 2504 3081; x_wconf 80' lang='lat' dir='ltr'><strong>patiens3</strong></span> <span class='ocrx_word' id='word_1_141' title='bbox 2567 2999 2786 3062; x_wconf 87' lang='lat' dir='ltr'><strong>tamen</strong></span> <span class='ocrx_word' id='word_1_142' title='bbox 2840 2999 2908 3060; x_wconf 88' lang='lat' dir='ltr'><strong>in</strong></span> 
     </span>
     <span class='ocr_line' id='line_1_26' title="bbox 1417 3100 2912 3181; baseline 0.001 -23"><span class='ocrx_word' id='word_1_143' title='bbox 1417 3111 1764 3181; x_wconf 82' lang='lat' dir='ltr'><strong>praesente</strong></span> <span class='ocrx_word' id='word_1_144' title='bbox 1794 3119 1992 3160; x_wconf 88' lang='lat' dir='ltr'><strong>numo</strong></span> <span class='ocrx_word' id='word_1_145' title='bbox 2022 3112 2267 3161; x_wconf 85' lang='lat' dir='ltr'><strong>certam</strong></span> <span class='ocrx_word' id='word_1_146' title='bbox 2305 3100 2607 3163; x_wconf 83' lang='lat' dir='ltr'><strong>exhiberi</strong></span> <span class='ocrx_word' id='word_1_147' title='bbox 2633 3104 2912 3163; x_wconf 86' lang='lat' dir='ltr'><strong>Amazo-</strong></span> 
     </span>
     <span class='ocr_line' id='line_1_27' title="bbox 1418 3199 2908 3287; baseline 0.002 -27"><span class='ocrx_word' id='word_1_148' title='bbox 1418 3220 1608 3275; x_wconf 88' lang='lat' dir='ltr'><strong>nem,</strong></span> <span class='ocrx_word' id='word_1_149' title='bbox 1685 3199 1901 3283; x_wconf 83' lang='lat' dir='ltr'><strong>arguit</strong></span> <span class='ocrx_word' id='word_1_150' title='bbox 1945 3200 2120 3284; x_wconf 88' lang='lat' dir='ltr'><strong>pelta</strong></span> <span class='ocrx_word' id='word_1_151' title='bbox 2173 3199 2314 3283; x_wconf 89' lang='lat' dir='ltr'><strong>ejus</strong></span> <span class='ocrx_word' id='word_1_152' title='bbox 2377 3199 2587 3266; x_wconf 81' lang='lat' dir='ltr'><strong>a&#39;dfixa</strong></span> <span class='ocrx_word' id='word_1_153' title='bbox 2626 3201 2908 3287; x_wconf 85' lang='lat' dir='ltr'><strong>pectori,</strong></span> 
     </span>
     <span class='ocr_line' id='line_1_28' title="bbox 1418 3301 2910 3386; baseline 0.001 -24"><span class='ocrx_word' id='word_1_154' title='bbox 1418 3323 1608 3386; x_wconf 89' lang='lat' dir='ltr'><strong>quam</strong></span> <span class='ocrx_word' id='word_1_155' title='bbox 1670 3301 1873 3363; x_wconf 84' lang='lat' dir='ltr'><strong>fuisse</strong></span> <span class='ocrx_word' id='word_1_156' title='bbox 1922 3302 2262 3386; x_wconf 86' lang='lat' dir='ltr'><strong>proprium</strong></span> <span class='ocrx_word' id='word_1_157' title='bbox 2313 3305 2721 3367; x_wconf 88' lang='lat' dir='ltr'><strong>Amazonum</strong></span> <span class='ocrx_word' id='word_1_158' title='bbox 2776 3305 2910 3383; x_wconf 81' lang='lat' dir='ltr'><strong>cly-</strong></span> 
     </span>
     <span class='ocr_line' id='line_1_29' title="bbox 1415 3403 2907 3490; baseline 0 -26"><span class='ocrx_word' id='word_1_159' title='bbox 1415 3424 1613 3487; x_wconf 90' lang='lat' dir='ltr'><strong>peum</strong></span> <span class='ocrx_word' id='word_1_160' title='bbox 1662 3418 1935 3468; x_wconf 83' lang='lat' dir='ltr'><strong>constat.</strong></span> <span class='ocrx_word' id='word_1_161' title='bbox 2027 3406 2249 3489; x_wconf 84' lang='lat' dir='ltr'><strong>Capita</strong></span> <span class='ocrx_word' id='word_1_162' title='bbox 2297 3407 2639 3490; x_wconf 86' lang='lat' dir='ltr'><strong>utriusque</strong></span> <span class='ocrx_word' id='word_1_163' title='bbox 2688 3403 2907 3488; x_wconf 85' lang='lat' dir='ltr'><strong>jugata</strong></span> 
     </span>
     <span class='ocr_line' id='line_1_30' title="bbox 1415 3505 2906 3590; baseline 0 -25"><span class='ocrx_word' id='word_1_164' title='bbox 1415 3518 1682 3587; x_wconf 87' lang='lat' dir='ltr'><strong>praeter</strong></span> <span class='ocrx_word' id='word_1_165' title='bbox 1730 3524 1845 3579; x_wconf 89' lang='lat' dir='ltr'><strong>ea,</strong></span> <span class='ocrx_word' id='word_1_166' title='bbox 1905 3526 2069 3590; x_wconf 87' lang='lat' dir='ltr'><strong>quae</strong></span> <span class='ocrx_word' id='word_1_167' title='bbox 2102 3527 2416 3587; x_wconf 76' lang='lat' dir='ltr'><strong>praesens</strong></span> <span class='ocrx_word' id='word_1_168' title='bbox 2440 3528 2675 3567; x_wconf 89' lang='lat' dir='ltr'><strong>numus</strong></span> <span class='ocrx_word' id='word_1_169' title='bbox 2714 3505 2906 3580; x_wconf 90' lang='lat' dir='ltr'><strong>sistit,</strong></span> 
     </span>
     <span class='ocr_line' id='line_1_31' title="bbox 1418 3602 2910 3668; baseline 0 0"><span class='ocrx_word' id='word_1_170' title='bbox 1418 3602 1646 3668; x_wconf 81' lang='lat' dir='ltr'><strong>videre</strong></span> <span class='ocrx_word' id='word_1_171' title='bbox 1700 3604 1913 3667; x_wconf 85' lang='lat' dir='ltr'><strong>adhuc</strong></span> <span class='ocrx_word' id='word_1_172' title='bbox 1968 3618 2068 3666; x_wconf 90' lang='lat' dir='ltr'><strong>est</strong></span> <span class='ocrx_word' id='word_1_173' title='bbox 2109 3605 2176 3665; x_wconf 90' lang='lat' dir='ltr'><strong>in</strong></span> <span class='ocrx_word' id='word_1_174' title='bbox 2224 3605 2439 3666; x_wconf 86' lang='lat' dir='ltr'><strong>numis</strong></span> <span class='ocrx_word' id='word_1_175' title='bbox 2472 3604 2738 3667; x_wconf 81' lang='lat' dir='ltr'><strong>maximi</strong></span> <span class='ocrx_word' id='word_1_176' title='bbox 2772 3626 2910 3668; x_wconf 89' lang='lat' dir='ltr'><strong>mo·</strong></span> 
     </span>
     <span class='ocr_line' id='line_1_32' title="bbox 1418 3703 2909 3787; baseline 0.003 -22"><span class='ocrx_word' id='word_1_177' title='bbox 1418 3705 1556 3766; x_wconf 88' lang='lat' dir='ltr'><strong>duli</strong></span> <span class='ocrx_word' id='word_1_178' title='bbox 1586 3705 1765 3787; x_wconf 85' lang='lat' dir='ltr'><strong>regis</strong></span> <span class='ocrx_word' id='word_1_179' title='bbox 1801 3706 2159 3768; x_wconf 85' lang='lat' dir='ltr'><strong>Galliarum</strong></span> <span class='ocrx_word' id='word_1_180' title='bbox 2199 3704 2330 3767; x_wconf 85' lang='lat' dir='ltr'><strong>tab.</strong></span> <span class='ocrx_word' id='word_1_181' title='bbox 2363 3703 2579 3783; x_wconf 62' lang='lat' dir='ltr'><strong>xm„</strong></span> <span class='ocrx_word' id='word_1_182' title='bbox 2624 3706 2692 3767; x_wconf 90' lang='lat' dir='ltr'><strong>in</strong></span> <span class='ocrx_word' id='word_1_183' title='bbox 2734 3710 2909 3769; x_wconf 76' lang='lat' dir='ltr'><strong>Buo-</strong></span> 
     </span>
     <span class='ocr_line' id='line_1_33' title="bbox 1416 3804 2909 3889; baseline 0.003 -24"><span class='ocrx_word' id='word_1_184' title='bbox 1416 3806 1691 3867; x_wconf 88' lang='lat' dir='ltr'><strong>narrotii</strong></span> <span class='ocrx_word' id='word_1_185' title='bbox 1748 3806 2096 3869; x_wconf 85' lang='lat' dir='ltr'><strong>Observat.</strong></span> <span class='ocrx_word' id='word_1_186' title='bbox 2159 3804 2308 3885; x_wconf 79' lang='lat' dir='ltr'><strong>hist.</strong></span> <span class='ocrx_word' id='word_1_187' title='bbox 2375 3827 2520 3889; x_wconf 82' lang='lat' dir='ltr'><strong>pag.</strong></span> <span class='ocrx_word' id='word_1_188' title='bbox 2587 3829 2766 3888; x_wconf 79' lang='lat'><strong>117.,</strong></span> <span class='ocrx_word' id='word_1_189' title='bbox 2838 3811 2909 3870; x_wconf 88' lang='lat' dir='ltr'><strong>in</strong></span> 
     </span>
     <span class='ocr_line' id='line_1_34' title="bbox 1397 3904 2906 3991; baseline 0 -18"><span class='ocrx_word' id='word_1_190' title='bbox 1397 3904 1751 3991; x_wconf 55' lang='lat' dir='ltr'><strong>‚Vailtantii</strong></span> <span class='ocrx_word' id='word_1_191' title='bbox 1813 3907 2042 3968; x_wconf 87' lang='lat' dir='ltr'><strong>Numis</strong></span> <span class='ocrx_word' id='word_1_192' title='bbox 2109 3923 2350 3990; x_wconf 88' lang='lat' dir='ltr'><strong>praest.</strong></span> <span class='ocrx_word' id='word_1_193' title='bbox 2435 3914 2513 3972; x_wconf 81' lang='grc' dir='ltr'><strong>Τ.</strong></span> <span class='ocrx_word' id='word_1_194' title='bbox 2559 3912 2672 3973; x_wconf 89' lang='lat'><strong>111.</strong></span> <span class='ocrx_word' id='word_1_195' title='bbox 2748 3910 2906 3973; x_wconf 89' lang='lat' dir='ltr'><strong>edit.</strong></span> 
     </span>
     <span class='ocr_line' id='line_1_35' title="bbox 1413 4007 2905 4090; baseline 0.004 -20"><span class='ocrx_word' id='word_1_196' title='bbox 1413 4012 1607 4071; x_wconf 86' lang='lat' dir='ltr'><strong>Rom.</strong></span> <span class='ocrx_word' id='word_1_197' title='bbox 1664 4027 1726 4090; x_wconf 87' lang='lat' dir='ltr'><strong>p.</strong></span> <span class='ocrx_word' id='word_1_198' title='bbox 1766 4007 1921 4084; x_wconf 73' lang='lat'><strong>146,</strong></span> <span class='ocrx_word' id='word_1_199' title='bbox 2004 4008 2072 4070; x_wconf 90' lang='lat' dir='ltr'><strong>in</strong></span> <span class='ocrx_word' id='word_1_200' title='bbox 2120 4014 2350 4073; x_wconf 80' lang='lat' dir='ltr'><strong>Museo</strong></span> <span class='ocrx_word' id='word_1_201' title='bbox 2411 4012 2709 4074; x_wconf 86' lang='lat' dir='ltr'><strong>Florent.</strong></span> <span class='ocrx_word' id='word_1_202' title='bbox 2773 4011 2905 4076; x_wconf 85' lang='lat' dir='ltr'><strong>tab.</strong></span> 
     </span>
    </p>
   </div>
   <div class='ocr_carea' id='block_1_8' title="bbox 1417 4107 2904 4186">
    <p class='ocr_par' dir='ltr' id='par_1_10' title="bbox 1417 4107 2904 4186">
     <span class='ocr_line' id='line_1_36' title="bbox 1417 4107 2904 4186; baseline 0.001 -13"><span class='ocrx_word' id='word_1_203' title='bbox 1417 4109 1680 4179; x_wconf 84' lang='lat' dir='ltr'><strong>XLVII.</strong></span> <span class='ocrx_word' id='word_1_204' title='bbox 1704 4152 1721 4186; x_wconf 87' lang='lat'><strong>,</strong></span> <span class='ocrx_word' id='word_1_205' title='bbox 1757 4107 1834 4171; x_wconf 61' lang='lat' dir='ltr'><strong>&#39;in</strong></span> <span class='ocrx_word' id='word_1_206' title='bbox 1870 4112 2101 4173; x_wconf 79' lang='lat' dir='ltr'><strong>Museo</strong></span> <span class='ocrx_word' id='word_1_207' title='bbox 2119 4112 2356 4177; x_wconf 87' lang='lat' dir='ltr'><strong>Albani</strong></span> <span class='ocrx_word' id='word_1_208' title='bbox 2400 4113 2529 4178; x_wconf 86' lang='lat' dir='ltr'><strong>tab.</strong></span> <span class='ocrx_word' id='word_1_209' title='bbox 2545 4112 2904 4184; x_wconf 82' lang='lat' dir='ltr'><strong>xxxvnl.</strong></span> 
     </span>
    </p>
   </div>
   <div class='ocr_carea' id='block_1_9' title="bbox 2141 4212 2348 4297">
    <p class='ocr_par' dir='ltr' id='par_1_11' title="bbox 2141 4212 2348 4297">
     <span class='ocr_line' id='line_1_37' title="bbox 2141 4212 2181 4252; baseline 0 0"><span class='ocrx_word' id='word_1_210' title='bbox 2141 4212 2181 4252; x_wconf 68' lang='grc'>*</span> 
     </span>
     <span class='ocr_line' id='line_1_38' title="bbox 2306 4258 2348 4297; baseline 0 0"><span class='ocrx_word' id='word_1_211' title='bbox 2306 4258 2348 4297; x_wconf 57' lang='grc' dir='ltr'><strong>θ’</strong></span> 
     </span>
    </p>
   </div>
   <div class='ocr_carea' id='block_1_10' title="bbox 1415 4254 2911 4499">
    <p class='ocr_par' dir='ltr' id='par_1_12' title="bbox 1415 4254 2911 4499">
     <span class='ocr_line' id='line_1_39' title="bbox 1477 4254 2040 4375; baseline 0.007 -6"><span class='ocrx_word' id='word_1_212' title='bbox 1477 4365 1482 4369; x_wconf 86' lang='grc'><strong>.</strong></span> <span class='ocrx_word' id='word_1_213' title='bbox 1702 4316 1786 4374; x_wconf 80' lang='lat' dir='ltr'><strong>Vt</strong></span> <span class='ocrx_word' id='word_1_214' title='bbox 1828 4316 1930 4375; x_wconf 76' lang='lat' dir='ltr'><strong>lit.</strong></span> <span class='ocrx_word' id='word_1_215' title='bbox 1957 4254 2040 4375; x_wconf 53' lang='grc' dir='ltr'><strong>ἑ.</strong></span> 
     </span>
     <span class='ocr_line' id='line_1_40' title="bbox 1415 4404 2911 4499; baseline 0.005 -27"><span class='ocrx_word' id='word_1_216' title='bbox 1415 4404 2328 4484; x_wconf 54' lang='grc' dir='ltr'><strong>ΡΒΟἮΒΕΝΤῙΑΕΑῩΕ.</strong></span> <span class='ocrx_word' id='word_1_217' title='bbox 2348 4423 2578 4483; x_wconf 67' lang='lat' dir='ltr'><strong>Mulier</strong></span> <span class='ocrx_word' id='word_1_218' title='bbox 2592 4421 2911 4499; x_wconf 71' lang='lat' dir='ltr'><strong>elephanti</strong></span> 
     </span>
    </p>
   </div>
   <div class='ocr_carea' id='block_1_11' title="bbox 2964 3403 4484 3587">
    <p class='ocr_par' dir='ltr' id='par_1_13' title="bbox 2964 3403 4484 3587">
     <span class='ocr_line' id='line_1_41' title="bbox 2990 3403 4484 3484; baseline -0.002 -19"><span class='ocrx_word' id='word_1_219' title='bbox 2990 3403 3454 3466; x_wconf 63' lang='lat' dir='ltr'><strong>SERAPIDI.</strong></span> <span class='ocrx_word' id='word_1_220' title='bbox 3501 3404 3936 3474; x_wconf 81' lang='lat' dir='ltr'><strong>CONSERV.</strong></span> <span class='ocrx_word' id='word_1_221' title='bbox 3980 3404 4187 3472; x_wconf 84' lang='lat' dir='ltr'><strong>AVG.</strong></span> <span class='ocrx_word' id='word_1_222' title='bbox 4258 3407 4484 3484; x_wconf 75' lang='lat' dir='ltr'><strong>Serapis</strong></span> 
     </span>
     <span class='ocr_line' id='line_1_42' title="bbox 2964 3509 4481 3587; baseline 0.001 -21"><span class='ocrx_word' id='word_1_223' title='bbox 2964 3520 2975 3533; x_wconf 66' lang='lat'>¹</span> <span class='ocrx_word' id='word_1_224' title='bbox 3021 3518 3203 3567; x_wconf 81' lang='lat' dir='ltr'><strong>stans</strong></span> <span class='ocrx_word' id='word_1_225' title='bbox 3250 3511 3311 3567; x_wconf 85' lang='lat' dir='ltr'><strong>d.</strong></span> <span class='ocrx_word' id='word_1_226' title='bbox 3346 3518 3642 3583; x_wconf 76' lang='lat' dir='ltr'><strong>extenta,</strong></span> <span class='ocrx_word' id='word_1_227' title='bbox 3695 3528 3747 3570; x_wconf 79' lang='lat' dir='ltr'><strong>s.</strong></span> <span class='ocrx_word' id='word_1_228' title='bbox 3780 3510 4057 3570; x_wconf 78' lang='lat' dir='ltr'><strong>hastam.</strong></span> <span class='ocrx_word' id='word_1_229' title='bbox 4126 3511 4274 3573; x_wconf 77' lang='lat' dir='ltr'><strong>AR.</strong></span> <span class='ocrx_word' id='word_1_230' title='bbox 4316 3509 4481 3587; x_wconf 72' lang='lat' dir='ltr'><strong>(ntus.</strong></span> 
     </span>
    </p>
   </div>
   <div class='ocr_carea' id='block_1_12' title="bbox 2629 478 3334 555">
    <p class='ocr_par' dir='ltr' id='par_1_14' title="bbox 2629 478 3334 555">
     <span class='ocr_line' id='line_1_43' title="bbox 2629 478 3334 555; baseline -0.001 -1"><span class='ocrx_word' id='word_1_231' title='bbox 2629 478 3334 555; x_wconf 82' lang='lat' dir='ltr'><strong>COMMODVS.</strong></span> 
     </span>
    </p>
   </div>
   <div class='ocr_carea' id='block_1_13' title="bbox 3026 667 4492 3080">
    <p class='ocr_par' dir='ltr' id='par_1_15' title="bbox 3036 667 4484 1254">
     <span class='ocr_line' id='line_1_44' title="bbox 3038 667 4479 746; baseline 0 -19"><span class='ocrx_word' id='word_1_232' title='bbox 3038 667 3297 728; x_wconf 68' lang='lat' dir='ltr'><strong>exuviis</strong></span> <span class='ocrx_word' id='word_1_233' title='bbox 3355 674 3522 728; x_wconf 81' lang='lat' dir='ltr'><strong>tecla</strong></span> <span class='ocrx_word' id='word_1_234' title='bbox 3569 674 3748 726; x_wconf 81' lang='lat' dir='ltr'><strong>stans</strong></span> <span class='ocrx_word' id='word_1_235' title='bbox 3769 708 3785 740; x_wconf 61' lang='lat'><em>2</em></span> <span class='ocrx_word' id='word_1_236' title='bbox 3849 685 3970 745; x_wconf 83' lang='lat' dir='ltr'><strong>pro</strong></span> <span class='ocrx_word' id='word_1_237' title='bbox 4029 669 4216 743; x_wconf 76' lang='lat' dir='ltr'><strong>cujus</strong></span> <span class='ocrx_word' id='word_1_238' title='bbox 4258 670 4479 746; x_wconf 71' lang='lat' dir='ltr'><strong>pedibus</strong></span> 
     </span>
     <span class='ocr_line' id='line_1_45' title="bbox 3039 769 4479 841; baseline 0.001 -14"><span class='ocrx_word' id='word_1_239' title='bbox 3039 769 3138 828; x_wconf 83' lang='lat' dir='ltr'><strong>leo</strong></span> <span class='ocrx_word' id='word_1_240' title='bbox 3157 808 3174 840; x_wconf 88' lang='lat'>‚</span> <span class='ocrx_word' id='word_1_241' title='bbox 3242 788 3293 828; x_wconf 76' lang='lat' dir='ltr'><strong>s.</strong></span> <span class='ocrx_word' id='word_1_242' title='bbox 3344 770 3603 828; x_wconf 74' lang='lat' dir='ltr'><strong>sistrum</strong></span> <span class='ocrx_word' id='word_1_243' title='bbox 3649 776 3925 828; x_wconf 75' lang='lat' dir='ltr'><strong>ostentat</strong></span> <span class='ocrx_word' id='word_1_244' title='bbox 3935 788 3966 841; x_wconf 81' lang='grc'><strong>,-</strong></span> <span class='ocrx_word' id='word_1_245' title='bbox 4024 769 4180 828; x_wconf 70' lang='lat' dir='ltr'><strong>huie</strong></span> <span class='ocrx_word' id='word_1_246' title='bbox 4227 772 4479 831; x_wconf 66' lang='lat' dir='ltr'><strong>adversus</strong></span> 
     </span>
     <span class='ocr_line' id='line_1_46' title="bbox 3041 870 4484 948; baseline -0.001 -18"><span class='ocrx_word' id='word_1_247' title='bbox 3041 870 3345 930; x_wconf 74' lang='lat' dir='ltr'><strong>Hercules</strong></span> <span class='ocrx_word' id='word_1_248' title='bbox 3391 872 3601 929; x_wconf 73' lang='lat' dir='ltr'><strong>nudus</strong></span> <span class='ocrx_word' id='word_1_249' title='bbox 3645 872 3809 948; x_wconf 79' lang='lat' dir='ltr'><strong>pede</strong></span> <span class='ocrx_word' id='word_1_250' title='bbox 3841 887 4084 946; x_wconf 83' lang='lat' dir='ltr'><strong>prorae</strong></span> <span class='ocrx_word' id='word_1_251' title='bbox 4112 873 4297 930; x_wconf 74' lang='lat' dir='ltr'><strong>navis</strong></span> <span class='ocrx_word' id='word_1_252' title='bbox 4332 873 4484 945; x_wconf 72' lang='lat' dir='ltr'><strong>impo-</strong></span> 
     </span>
     <span class='ocr_line' id='line_1_47' title="bbox 3039 972 4484 1052; baseline 0 -21"><span class='ocrx_word' id='word_1_253' title='bbox 3039 973 3198 1044; x_wconf 72' lang='grc' dir='ltr'><strong><em>εἰιο,</em></strong></span> <span class='ocrx_word' id='word_1_254' title='bbox 3244 990 3296 1034; x_wconf 77' lang='lat' dir='ltr'><strong>s.</strong></span> <span class='ocrx_word' id='word_1_255' title='bbox 3327 972 3582 1031; x_wconf 81' lang='lat' dir='ltr'><strong>clavam</strong></span> <span class='ocrx_word' id='word_1_256' title='bbox 3615 992 3802 1050; x_wconf 81' lang='lat' dir='ltr'><strong>super</strong></span> <span class='ocrx_word' id='word_1_257' title='bbox 3837 974 3996 1031; x_wconf 69' lang='lat' dir='ltr'><strong>navi</strong></span> <span class='ocrx_word' id='word_1_258' title='bbox 4027 980 4235 1044; x_wconf 67' lang='lat' dir='ltr'><strong>tenet,</strong></span> <span class='ocrx_word' id='word_1_259' title='bbox 4276 979 4484 1052; x_wconf 69' lang='lat' dir='ltr'><strong>uterque</strong></span> 
     </span>
     <span class='ocr_line' id='line_1_48' title="bbox 3039 1072 4483 1154; baseline -0.001 -22"><span class='ocrx_word' id='word_1_260' title='bbox 3039 1075 3368 1132; x_wconf 71' lang='lat' dir='ltr'><strong>dexteram</strong></span> <span class='ocrx_word' id='word_1_261' title='bbox 3401 1092 3537 1133; x_wconf 77' lang='lat' dir='ltr'><strong>una</strong></span> <span class='ocrx_word' id='word_1_262' title='bbox 3568 1092 3711 1135; x_wconf 77' lang='lat' dir='ltr'><strong>cum</strong></span> <span class='ocrx_word' id='word_1_263' title='bbox 3751 1076 3931 1152; x_wconf 78' lang='lat' dir='ltr'><strong>spica</strong></span> <span class='ocrx_word' id='word_1_264' title='bbox 3975 1077 4330 1154; x_wconf 59' lang='lat' dir='ltr'><strong>conjungit.</strong></span> <span class='ocrx_word' id='word_1_265' title='bbox 4379 1072 4483 1132; x_wconf 77' lang='lat' dir='ltr'><strong>AR.</strong></span> 
     </span>
     <span class='ocr_line' id='line_1_49' title="bbox 3036 1172 3787 1254; baseline 0.001 -19"><span class='ocrx_word' id='word_1_266' title='bbox 3036 1174 3262 1248; x_wconf 65' lang='lat' dir='ltr'><strong>AE.‚1.</strong></span> <span class='ocrx_word' id='word_1_267' title='bbox 3331 1172 3527 1250; x_wconf 87' lang='lat' dir='ltr'><strong>(Mus.</strong></span> <span class='ocrx_word' id='word_1_268' title='bbox 3567 1174 3787 1254; x_wconf 84' lang='lat' dir='ltr'><strong>Caes.)</strong></span> 
     </span>
    </p>

    <p class='ocr_par' dir='ltr' id='par_1_16' title="bbox 3026 1263 4492 3080">
     <span class='ocr_line' id='line_1_50' title="bbox 3159 1263 4487 1356; baseline 0.002 -23"><span class='ocrx_word' id='word_1_269' title='bbox 3159 1275 3344 1336; x_wconf 86' lang='lat' dir='ltr'><strong>Haec</strong></span> <span class='ocrx_word' id='word_1_270' title='bbox 3383 1276 3800 1336; x_wconf 71' lang='lat' dir='ltr'><strong>Providentia</strong></span> <span class='ocrx_word' id='word_1_271' title='bbox 3818 1279 3987 1356; x_wconf 75' lang='lat' dir='ltr'><strong>Any.</strong></span> <span class='ocrx_word' id='word_1_272' title='bbox 4021 1293 4110 1337; x_wconf 80' lang='lat' dir='ltr'><strong>ex</strong></span> <span class='ocrx_word' id='word_1_273' title='bbox 4131 1263 4487 1336; x_wconf 76' lang='lat' dir='ltr'><strong>eruditorum</strong></span> 
     </span>
     <span class='ocr_line' id='line_1_51' title="bbox 3035 1374 4487 1444; baseline -0.001 -4"><span class='ocrx_word' id='word_1_274' title='bbox 3035 1376 3359 1440; x_wconf 88' lang='lat' dir='ltr'><strong>sententia</strong></span> <span class='ocrx_word' id='word_1_275' title='bbox 3404 1375 3679 1444; x_wconf 86' lang='lat' dir='ltr'><strong>classem</strong></span> <span class='ocrx_word' id='word_1_276' title='bbox 3712 1376 4089 1439; x_wconf 80' lang='lat' dir='ltr'><strong>Africanam</strong></span> <span class='ocrx_word' id='word_1_277' title='bbox 4133 1390 4311 1439; x_wconf 82' lang='lat' dir='ltr'><strong>notat</strong></span> <span class='ocrx_word' id='word_1_278' title='bbox 4339 1374 4487 1438; x_wconf 74' lang='lat' dir='ltr'><strong>adve-</strong></span> 
     </span>
     <span class='ocr_line' id='line_1_52' title="bbox 3033 1474 4489 1563; baseline -0.001 -24"><span class='ocrx_word' id='word_1_279' title='bbox 3033 1476 3252 1540; x_wconf 89' lang='lat' dir='ltr'><strong>hendo</strong></span> <span class='ocrx_word' id='word_1_280' title='bbox 3284 1475 3616 1538; x_wconf 83' lang='lat' dir='ltr'><strong>frumento</strong></span> <span class='ocrx_word' id='word_1_281' title='bbox 3648 1474 4056 1554; x_wconf 86' lang='lat' dir='ltr'><strong>destinatam,</strong></span> <span class='ocrx_word' id='word_1_282' title='bbox 4105 1478 4191 1540; x_wconf 87' lang='lat' dir='ltr'><strong>de</strong></span> <span class='ocrx_word' id='word_1_283' title='bbox 4226 1500 4343 1563; x_wconf 86' lang='lat' dir='ltr'><strong>qua</strong></span> <span class='ocrx_word' id='word_1_284' title='bbox 4371 1497 4489 1538; x_wconf 79' lang='lat' dir='ltr'><strong>mox</strong></span> 
     </span>
     <span class='ocr_line' id='line_1_53' title="bbox 3032 1576 4486 1660; baseline -0.001 -19"><span class='ocrx_word' id='word_1_285' title='bbox 3032 1580 3224 1643; x_wconf 85' lang='lat' dir='ltr'><strong>infra.</strong></span> <span class='ocrx_word' id='word_1_286' title='bbox 3295 1576 3651 1660; x_wconf 87' lang='lat' dir='ltr'><strong>Elephanti</strong></span> <span class='ocrx_word' id='word_1_287' title='bbox 3688 1576 3997 1654; x_wconf 82' lang='lat' dir='ltr'><strong>exuviae,</strong></span> <span class='ocrx_word' id='word_1_288' title='bbox 4061 1578 4359 1655; x_wconf 83' lang='lat' dir='ltr'><strong>sistrum,</strong></span> <span class='ocrx_word' id='word_1_289' title='bbox 4408 1580 4486 1639; x_wconf 86' lang='lat' dir='ltr'><strong>leo</strong></span> 
     </span>
     <span class='ocr_line' id='line_1_54' title="bbox 3036 1678 4492 1764; baseline -0.002 -21"><span class='ocrx_word' id='word_1_290' title='bbox 3036 1681 3346 1743; x_wconf 86' lang='lat' dir='ltr'><strong>attributa</strong></span> <span class='ocrx_word' id='word_1_291' title='bbox 3399 1691 3548 1741; x_wconf 86' lang='lat' dir='ltr'><strong>sunt</strong></span> <span class='ocrx_word' id='word_1_292' title='bbox 3586 1678 3851 1761; x_wconf 88' lang='lat' dir='ltr'><strong>propria</strong></span> <span class='ocrx_word' id='word_1_293' title='bbox 3878 1680 4226 1764; x_wconf 80' lang='lat' dir='ltr'><strong>Aegypto,</strong></span> <span class='ocrx_word' id='word_1_294' title='bbox 4271 1695 4332 1742; x_wconf 88' lang='lat' dir='ltr'><strong>et</strong></span> <span class='ocrx_word' id='word_1_295' title='bbox 4359 1680 4492 1741; x_wconf 73' lang='lat' dir='ltr'><strong>Afri-</strong></span> 
     </span>
     <span class='ocr_line' id='line_1_55' title="bbox 3035 1780 4488 1866; baseline -0.003 -22"><span class='ocrx_word' id='word_1_296' title='bbox 3035 1802 3150 1845; x_wconf 90' lang='lat' dir='ltr'><strong>cae</strong></span> <span class='ocrx_word' id='word_1_297' title='bbox 3208 1782 3515 1866; x_wconf 88' lang='lat' dir='ltr'><strong>propriae</strong></span> <span class='ocrx_word' id='word_1_298' title='bbox 3543 1825 3559 1856; x_wconf 86' lang='lat'><strong>,</strong></span> <span class='ocrx_word' id='word_1_299' title='bbox 3618 1801 3784 1862; x_wconf 86' lang='lat' dir='ltr'><strong>quae</strong></span> <span class='ocrx_word' id='word_1_300' title='bbox 3818 1780 4006 1843; x_wconf 85' lang='lat' dir='ltr'><strong>fuere</strong></span> <span class='ocrx_word' id='word_1_301' title='bbox 4041 1783 4233 1846; x_wconf 88' lang='lat' dir='ltr'><strong>urbis</strong></span> <span class='ocrx_word' id='word_1_302' title='bbox 4277 1783 4488 1844; x_wconf 82' lang='lat' dir='ltr'><strong>horrea.</strong></span> 
     </span>
     <span class='ocr_line' id='line_1_56' title="bbox 3032 1881 4486 1966; baseline -0.002 -21"><span class='ocrx_word' id='word_1_303' title='bbox 3032 1887 3179 1966; x_wconf 86' lang='lat' dir='ltr'><strong>lpse</strong></span> <span class='ocrx_word' id='word_1_304' title='bbox 3240 1905 3396 1947; x_wconf 83' lang='lat' dir='ltr'><strong>vero</strong></span> <span class='ocrx_word' id='word_1_305' title='bbox 3445 1881 3887 1958; x_wconf 83' lang='lat' dir='ltr'>Commodus,</span> <span class='ocrx_word' id='word_1_306' title='bbox 3935 1896 4006 1945; x_wconf 88' lang='lat' dir='ltr'><strong>ut</strong></span> <span class='ocrx_word' id='word_1_307' title='bbox 4065 1898 4217 1945; x_wconf 85' lang='lat' dir='ltr'><strong>erat</strong></span> <span class='ocrx_word' id='word_1_308' title='bbox 4254 1883 4486 1945; x_wconf 82' lang='lat' dir='ltr'><strong>testibus</strong></span> 
     </span>
     <span class='ocr_line' id='line_1_57' title="bbox 3029 1985 4482 2070; baseline 0.002 -26"><span class='ocrx_word' id='word_1_309' title='bbox 3029 1985 3181 2045; x_wconf 88' lang='lat' dir='ltr'><strong>anni</strong></span> <span class='ocrx_word' id='word_1_310' title='bbox 3200 1989 3530 2070; x_wconf 86' lang='lat' dir='ltr'><strong>sequentis</strong></span> <span class='ocrx_word' id='word_1_311' title='bbox 3553 1989 3764 2050; x_wconf 89' lang='lat' dir='ltr'><strong>numis</strong></span> <span class='ocrx_word' id='word_1_312' title='bbox 3793 1989 4101 2051; x_wconf 76' lang='lat' dir='ltr'><strong>Hercules</strong></span> <span class='ocrx_word' id='word_1_313' title='bbox 4118 1989 4351 2049; x_wconf 71' lang='lat' dir='ltr'><strong>nomae</strong></span> <span class='ocrx_word' id='word_1_314' title='bbox 4365 2007 4482 2048; x_wconf 71' lang='lat' dir='ltr'><strong>cou-</strong></span> 
     </span>
     <span class='ocr_line' id='line_1_58' title="bbox 3028 2084 4482 2174; baseline -0.002 -27"><span class='ocrx_word' id='word_1_315' title='bbox 3028 2090 3236 2174; x_wconf 77' lang='lat' dir='ltr'><strong>ditor,</strong></span> <span class='ocrx_word' id='word_1_316' title='bbox 3310 2088 3378 2148; x_wconf 90' lang='lat' dir='ltr'><strong>in</strong></span> <span class='ocrx_word' id='word_1_317' title='bbox 3437 2089 3564 2152; x_wconf 89' lang='lat' dir='ltr'><strong>hoc</strong></span> <span class='ocrx_word' id='word_1_318' title='bbox 3628 2107 3826 2151; x_wconf 89' lang='lat' dir='ltr'><strong>numo</strong></span> <span class='ocrx_word' id='word_1_319' title='bbox 3872 2087 4153 2170; x_wconf 81' lang='lat' dir='ltr'><strong>fingitur</strong></span> <span class='ocrx_word' id='word_1_320' title='bbox 4215 2084 4482 2147; x_wconf 81' lang='lat' dir='ltr'><strong>Herculis</strong></span> 
     </span>
     <span class='ocr_line' id='line_1_59' title="bbox 3030 2186 4487 2273; baseline -0.002 -25"><span class='ocrx_word' id='word_1_321' title='bbox 3030 2186 3210 2248; x_wconf 87' lang='lat' dir='ltr'><strong>cultu</strong></span> <span class='ocrx_word' id='word_1_322' title='bbox 3249 2187 3466 2251; x_wconf 85' lang='lat' dir='ltr'><strong>missis</strong></span> <span class='ocrx_word' id='word_1_323' title='bbox 3513 2191 3594 2251; x_wconf 87' lang='lat' dir='ltr'><strong>ad</strong></span> <span class='ocrx_word' id='word_1_324' title='bbox 3639 2191 3989 2273; x_wconf 88' lang='lat' dir='ltr'><strong>petendam</strong></span> <span class='ocrx_word' id='word_1_325' title='bbox 4038 2207 4359 2250; x_wconf 85' lang='lat' dir='ltr'><strong>annonam</strong></span> <span class='ocrx_word' id='word_1_326' title='bbox 4401 2208 4487 2246; x_wconf 84' lang='lat' dir='ltr'><strong>na-</strong></span> 
     </span>
     <span class='ocr_line' id='line_1_60' title="bbox 3026 2287 4491 2375; baseline 0.012 -29"><span class='ocrx_word' id='word_1_327' title='bbox 3026 2287 3253 2365; x_wconf 78' lang='lat' dir='ltr'><strong>vibus,</strong></span> <span class='ocrx_word' id='word_1_328' title='bbox 3318 2310 3591 2372; x_wconf 86' lang='lat' dir='ltr'><strong>quarum</strong></span> <span class='ocrx_word' id='word_1_329' title='bbox 3627 2315 3817 2354; x_wconf 89' lang='lat' dir='ltr'><strong>unam</strong></span> <span class='ocrx_word' id='word_1_330' title='bbox 3880 2289 4351 2375; x_wconf 51' lang='lat' dir='ltr'><strong>pedemalcat,</strong></span> <span class='ocrx_word' id='word_1_331' title='bbox 4394 2306 4491 2347; x_wconf 75' lang='lat'><strong>¹¹⁰·</strong></span> 
     </span>
     <span class='ocr_line' id='line_1_61' title="bbox 3030 2391 4484 2477; baseline -0.002 -27"><span class='ocrx_word' id='word_1_332' title='bbox 3030 2408 3151 2451; x_wconf 77' lang='lat' dir='ltr'><strong>vae</strong></span> <span class='ocrx_word' id='word_1_333' title='bbox 3187 2392 3485 2455; x_wconf 87' lang='lat' dir='ltr'><strong>coloniae</strong></span> <span class='ocrx_word' id='word_1_334' title='bbox 3534 2414 3688 2456; x_wconf 90' lang='lat' dir='ltr'><strong>suae</strong></span> <span class='ocrx_word' id='word_1_335' title='bbox 3725 2391 4112 2477; x_wconf 76' lang='lat' dir='ltr'><strong>providens,</strong></span> <span class='ocrx_word' id='word_1_336' title='bbox 4154 2433 4157 2436; x_wconf 54' lang='lat'><strong>&gt;</strong></span> <span class='ocrx_word' id='word_1_337' title='bbox 4196 2393 4336 2450; x_wconf 82' lang='lat' dir='ltr'><strong>Huc</strong></span> <span class='ocrx_word' id='word_1_338' title='bbox 4369 2408 4484 2471; x_wconf 81' lang='lat' dir='ltr'><strong>per·</strong></span> 
     </span>
     <span class='ocr_line' id='line_1_62' title="bbox 3031 2490 4488 2579; baseline -0.001 -28"><span class='ocrx_word' id='word_1_339' title='bbox 3031 2490 3239 2553; x_wconf 88' lang='lat' dir='ltr'><strong>tinent</strong></span> <span class='ocrx_word' id='word_1_340' title='bbox 3286 2513 3400 2570; x_wconf 86' lang='lat' dir='ltr'><strong>ea,</strong></span> <span class='ocrx_word' id='word_1_341' title='bbox 3451 2514 3615 2579; x_wconf 88' lang='lat' dir='ltr'><strong>quae</strong></span> <span class='ocrx_word' id='word_1_342' title='bbox 3647 2495 3805 2556; x_wconf 89' lang='lat' dir='ltr'><strong>olim</strong></span> <span class='ocrx_word' id='word_1_343' title='bbox 3858 2514 4049 2556; x_wconf 86' lang='lat' dir='ltr'><strong>causa</strong></span> <span class='ocrx_word' id='word_1_344' title='bbox 4107 2491 4488 2574; x_wconf 82' lang='lat' dir='ltr'><strong>largitionum</strong></span> 
     </span>
     <span class='ocr_line' id='line_1_63' title="bbox 3030 2591 4484 2679; baseline -0.001 -26"><span class='ocrx_word' id='word_1_345' title='bbox 3030 2591 3630 2670; x_wconf 77' lang='lat' dir='ltr'><strong>frumentariamm,</strong></span> <span class='ocrx_word' id='word_1_346' title='bbox 3675 2616 3833 2679; x_wconf 90' lang='lat' dir='ltr'><strong>quas</strong></span> <span class='ocrx_word' id='word_1_347' title='bbox 3863 2596 4302 2679; x_wconf 89' lang='lat' dir='ltr'><strong>imperatores</strong></span> <span class='ocrx_word' id='word_1_348' title='bbox 4327 2609 4484 2674; x_wconf 81' lang='lat' dir='ltr'><strong>saepe</strong></span> 
     </span>
     <span class='ocr_line' id='line_1_64' title="bbox 3027 2694 4484 2772; baseline -0.004 -15"><span class='ocrx_word' id='word_1_349' title='bbox 3027 2696 3236 2758; x_wconf 86' lang='lat' dir='ltr'><strong>varias</strong></span> <span class='ocrx_word' id='word_1_350' title='bbox 3298 2696 3366 2755; x_wconf 91' lang='lat' dir='ltr'><strong>in</strong></span> <span class='ocrx_word' id='word_1_351' title='bbox 3416 2696 3616 2759; x_wconf 88' lang='lat' dir='ltr'><strong>urbes</strong></span> <span class='ocrx_word' id='word_1_352' title='bbox 3656 2698 4030 2772; x_wconf 88' lang='lat' dir='ltr'><strong>contulere,</strong></span> <span class='ocrx_word' id='word_1_353' title='bbox 4115 2694 4203 2758; x_wconf 86' lang='lat' dir='ltr'><strong>ad</strong></span> <span class='ocrx_word' id='word_1_354' title='bbox 4242 2712 4484 2758; x_wconf 70' lang='lat' dir='ltr'><strong>=numum</strong></span> 
     </span>
     <span class='ocr_line' id='line_1_65' title="bbox 3030 2794 4487 2881; baseline -0.003 -24"><span class='ocrx_word' id='word_1_355' title='bbox 3030 2800 3448 2870; x_wconf 82' lang='lat' dir='ltr'><strong>Tarsensem·</strong></span> <span class='ocrx_word' id='word_1_356' title='bbox 3515 2797 3901 2881; x_wconf 86' lang='lat' dir='ltr'><strong>inscriptum</strong></span> <span class='ocrx_word' id='word_1_357' title='bbox 3989 2794 4353 2871; x_wconf 76' lang='lat' dir='ltr'><strong>CSITOC,</strong></span> <span class='ocrx_word' id='word_1_358' title='bbox 4435 2805 4487 2853; x_wconf 85' lang='lat' dir='ltr'><strong>et</strong></span> 
     </span>
     <span class='ocr_line' id='line_1_66' title="bbox 3027 2889 4490 2981; baseline 0 -25"><span class='ocrx_word' id='word_1_359' title='bbox 3027 2895 3227 2960; x_wconf 85' lang='lat' dir='ltr'><strong>alium</strong></span> <span class='ocrx_word' id='word_1_360' title='bbox 3308 2896 3674 2961; x_wconf 86' lang='lat' dir='ltr'><strong>Laodiceae</strong></span> <span class='ocrx_word' id='word_1_361' title='bbox 3738 2899 3966 2981; x_wconf 81' lang='lat' dir='ltr'><strong>Syriae</strong></span> <span class='ocrx_word' id='word_1_362' title='bbox 4043 2898 4245 2961; x_wconf 86' lang='lat' dir='ltr'><strong>latius</strong></span> <span class='ocrx_word' id='word_1_363' title='bbox 4294 2889 4490 2981; x_wconf 64' lang='lat' dir='ltr'><strong>&#39;dispu-</strong></span> 
     </span>
     <span class='ocr_line' id='line_1_67' title="bbox 3027 2997 3283 3080; baseline 0 -19"><span class='ocrx_word' id='word_1_364' title='bbox 3027 2998 3159 3062; x_wconf 78' lang='lat' dir='ltr'><strong>tavi</strong></span> <span class='ocrx_word' id='word_1_365' title='bbox 3207 2997 3283 3080; x_wconf 80' lang='lat' dir='ltr'><strong>f).</strong></span> 
     </span>
    </p>
   </div>
   <div class='ocr_carea' id='block_1_14' title="bbox 4617 634 4633 2161">
    <p class='ocr_par' dir='ltr' id='par_1_17' title="bbox 4617 634 4633 2161">
     <span class='ocr_line' id='line_1_68' title="bbox 4617 634 4633 2161; baseline 0 0"><span class='ocrx_word' id='word_1_366' title='bbox 4617 634 4633 2161; x_wconf 95' lang='lat' dir='ltr'><strong> </strong></span> 
     </span>
    </p>
   </div>
   <div class='ocr_carea' id='block_1_15' title="bbox 3760 3202 3799 3241">
    <p class='ocr_par' dir='ltr' id='par_1_18' title="bbox 3760 3202 3799 3241">
     <span class='ocr_line' id='line_1_69' title="bbox 3760 3202 3799 3241; baseline 0 0"><span class='ocrx_word' id='word_1_367' title='bbox 3760 3202 3799 3241; x_wconf 51' lang='grc' dir='ltr'><em>ὕ</em></span> 
     </span>
    </p>
   </div>
   <div class='ocr_carea' id='block_1_16' title="bbox 3240 3245 3961 3366">
    <p class='ocr_par' dir='ltr' id='par_1_19' title="bbox 3240 3245 3961 3366">
     <span class='ocr_line' id='line_1_70' title="bbox 3594 3245 3961 3283; baseline 0 0"><span class='ocrx_word' id='word_1_368' title='bbox 3594 3245 3634 3283; x_wconf 63' lang='grc' dir='ltr'><strong>αι</strong></span> <span class='ocrx_word' id='word_1_369' title='bbox 3922 3245 3961 3283; x_wconf 60' lang='lat'><strong>³⁶</strong></span> 
     </span>
     <span class='ocr_line' id='line_1_71' title="bbox 3240 3305 3652 3366; baseline 0.002 -1"><span class='ocrx_word' id='word_1_370' title='bbox 3240 3312 3263 3327; x_wconf 64' lang='lat'>⁵</span> <span class='ocrx_word' id='word_1_371' title='bbox 3313 3306 3396 3365; x_wconf 80' lang='lat' dir='ltr'><strong>Vt</strong></span> <span class='ocrx_word' id='word_1_372' title='bbox 3435 3305 3533 3365; x_wconf 71' lang='lat' dir='ltr'><strong>lit.</strong></span> <span class='ocrx_word' id='word_1_373' title='bbox 3569 3308 3652 3366; x_wconf 83' lang='lat' dir='ltr'><strong>A.</strong></span> 
     </span>
    </p>
   </div>
   <div class='ocr_carea' id='block_1_17' title="bbox 4621 3013 4629 3649">
    <p class='ocr_par' dir='ltr' id='par_1_20' title="bbox 4621 3013 4629 3649">
     <span class='ocr_line' id='line_1_72' title="bbox 4621 3013 4629 3649; baseline 0 0"><span class='ocrx_word' id='word_1_374' title='bbox 4621 3013 4629 3649; x_wconf 95' lang='lat' dir='ltr'><strong> </strong></span> 
     </span>
    </p>
   </div>
   <div class='ocr_carea' id='block_1_18' title="bbox 3018 3609 4626 4510">
    <p class='ocr_par' dir='ltr' id='par_1_21' title="bbox 3023 3609 3659 3685">
     <span class='ocr_line' id='line_1_73' title="bbox 3023 3609 3659 3685; baseline 0.009 -16"><span class='ocrx_word' id='word_1_375' title='bbox 3023 3609 3240 3685; x_wconf 85' lang='lat' dir='ltr'><strong>Caes.)</strong></span> <span class='ocrx_word' id='word_1_376' title='bbox 3658 3672 3659 3675; x_wconf 74' lang='grc'>,</span> 
     </span>
    </p>

    <p class='ocr_par' dir='ltr' id='par_1_22' title="bbox 3018 3706 4626 4510">
     <span class='ocr_line' id='line_1_74' title="bbox 3147 3706 4486 3796; baseline 0.004 -28"><span class='ocrx_word' id='word_1_377' title='bbox 3147 3708 3380 3772; x_wconf 86' lang='lat' dir='ltr'><strong>Fuisse</strong></span> <span class='ocrx_word' id='word_1_378' title='bbox 3435 3710 3866 3774; x_wconf 87' lang='lat' dir='ltr'><strong>Commodum</strong></span> <span class='ocrx_word' id='word_1_379' title='bbox 3917 3712 4362 3796; x_wconf 84' lang='lat' dir='ltr'><strong>superstitioni</strong></span> <span class='ocrx_word' id='word_1_380' title='bbox 4386 3706 4486 3775; x_wconf 74' lang='lat' dir='ltr'><strong>Ae·</strong></span> 
     </span>
     <span class='ocr_line' id='line_1_75' title="bbox 3024 3811 4626 3897; baseline -0.002 -24"><span class='ocrx_word' id='word_1_381' title='bbox 3024 3811 3394 3894; x_wconf 83' lang='lat' dir='ltr'><strong>gyptiorum</strong></span> <span class='ocrx_word' id='word_1_382' title='bbox 3438 3812 3677 3875; x_wconf 84' lang='lat' dir='ltr'><strong>obnixe</strong></span> <span class='ocrx_word' id='word_1_383' title='bbox 3712 3813 4041 3877; x_wconf 88' lang='lat' dir='ltr'><strong>addictum</strong></span> <span class='ocrx_word' id='word_1_384' title='bbox 4077 3860 4095 3890; x_wconf 91' lang='lat'><strong>,</strong></span> <span class='ocrx_word' id='word_1_385' title='bbox 4140 3829 4371 3877; x_wconf 88' lang='lat' dir='ltr'><strong>testem</strong></span> <span class='ocrx_word' id='word_1_386' title='bbox 4398 3811 4487 3871; x_wconf 86' lang='lat' dir='ltr'><strong>ha·</strong></span> <span class='ocrx_word' id='word_1_387' title='bbox 4624 3832 4626 3897; x_wconf 64' lang='lat' dir='ltr'>j</span> 
     </span>
     <span class='ocr_line' id='line_1_76' title="bbox 3018 3902 4626 4005; baseline 0.001 -31"><span class='ocrx_word' id='word_1_388' title='bbox 3018 3912 3279 4005; x_wconf 46' lang='lat' dir='ltr'><strong>bemus·x</strong></span> <span class='ocrx_word' id='word_1_389' title='bbox 3310 3914 3797 3996; x_wconf 80' lang='lat' dir='ltr'><strong>Lampridium,</strong></span> <span class='ocrx_word' id='word_1_390' title='bbox 3868 3910 3981 4000; x_wconf 88' lang='lat' dir='ltr'><strong>qui</strong></span> <span class='ocrx_word' id='word_1_391' title='bbox 4028 3918 4314 3979; x_wconf 85' lang='lat' dir='ltr'><strong>coluisse</strong></span> <span class='ocrx_word' id='word_1_392' title='bbox 4360 3932 4486 3975; x_wconf 86' lang='lat' dir='ltr'><strong>eum</strong></span> <span class='ocrx_word' id='word_1_393' title='bbox 4624 3902 4626 3975; x_wconf 73' lang='lat' dir='ltr'><strong>l</strong></span> 
     </span>
     <span class='ocr_line' id='line_1_77' title="bbox 3022 3994 4626 4100; baseline -0.003 -24"><span class='ocrx_word' id='word_1_394' title='bbox 3022 4035 3203 4076; x_wconf 87' lang='lat' dir='ltr'><strong>saera</strong></span> <span class='ocrx_word' id='word_1_395' title='bbox 3234 4013 3425 4075; x_wconf 90' lang='lat' dir='ltr'><strong>Isidis</strong></span> <span class='ocrx_word' id='word_1_396' title='bbox 3448 4060 3464 4091; x_wconf 91' lang='lat'><strong>,</strong></span> <span class='ocrx_word' id='word_1_397' title='bbox 3511 4030 3578 4087; x_wconf 78' lang='lat' dir='ltr'><strong>et</strong></span> <span class='ocrx_word' id='word_1_398' title='bbox 3594 4016 3830 4078; x_wconf 86' lang='lat' dir='ltr'><strong>rasisse</strong></span> <span class='ocrx_word' id='word_1_399' title='bbox 3864 4031 4059 4100; x_wconf 90' lang='lat' dir='ltr'><strong>caput</strong></span> <span class='ocrx_word' id='word_1_400' title='bbox 4080 4063 4096 4091; x_wconf 89' lang='lat'>‚</span> <span class='ocrx_word' id='word_1_401' title='bbox 4131 4032 4199 4079; x_wconf 87' lang='lat' dir='ltr'><strong>et</strong></span> <span class='ocrx_word' id='word_1_402' title='bbox 4222 4029 4480 4100; x_wconf 81' lang='lat' dir='ltr'><strong>gestasse</strong></span> <span class='ocrx_word' id='word_1_403' title='bbox 4624 3994 4626 4017; x_wconf 70' lang='lat'><strong>¹</strong></span> 
     </span>
     <span class='ocr_line' id='line_1_78' title="bbox 3018 4115 4486 4202; baseline -0.001 -26"><span class='ocrx_word' id='word_1_404' title='bbox 3018 4115 3283 4177; x_wconf 87' lang='lat' dir='ltr'><strong>Anubin</strong></span> <span class='ocrx_word' id='word_1_405' title='bbox 3345 4116 3573 4179; x_wconf 85' lang='lat' dir='ltr'><strong>refert.</strong></span> <span class='ocrx_word' id='word_1_406' title='bbox 3664 4120 3849 4198; x_wconf 85' lang='lat' dir='ltr'><strong>Ergo</strong></span> <span class='ocrx_word' id='word_1_407' title='bbox 3903 4118 3971 4179; x_wconf 89' lang='lat' dir='ltr'><strong>in</strong></span> <span class='ocrx_word' id='word_1_408' title='bbox 4014 4134 4268 4202; x_wconf 88' lang='lat' dir='ltr'><strong>partem</strong></span> <span class='ocrx_word' id='word_1_409' title='bbox 4313 4116 4486 4179; x_wconf 88' lang='lat' dir='ltr'><strong>hono-</strong></span> 
     </span>
     <span class='ocr_line' id='line_1_79' title="bbox 3019 4215 4483 4305; baseline 0 -26"><span class='ocrx_word' id='word_1_410' title='bbox 3019 4218 3113 4279; x_wconf 88' lang='lat' dir='ltr'><strong>ris</strong></span> <span class='ocrx_word' id='word_1_411' title='bbox 3157 4217 3336 4283; x_wconf 84' lang='lat' dir='ltr'><strong>venit</strong></span> <span class='ocrx_word' id='word_1_412' title='bbox 3396 4232 3461 4280; x_wconf 87' lang='lat' dir='ltr'><strong>et</strong></span> <span class='ocrx_word' id='word_1_413' title='bbox 3527 4218 3789 4302; x_wconf 87' lang='lat' dir='ltr'><strong>Serapis</strong></span> <span class='ocrx_word' id='word_1_414' title='bbox 3850 4221 4025 4281; x_wconf 85' lang='lat' dir='ltr'><strong>inter</strong></span> <span class='ocrx_word' id='word_1_415' title='bbox 4060 4222 4386 4305; x_wconf 88' lang='lat' dir='ltr'><strong>principes</strong></span> <span class='ocrx_word' id='word_1_416' title='bbox 4426 4215 4483 4275; x_wconf 82' lang='lat' dir='ltr'><strong>in</strong></span> 
     </span>
     <span class='ocr_line' id='line_1_80' title="bbox 3021 4319 4479 4407; baseline 0.001 -27"><span class='ocrx_word' id='word_1_417' title='bbox 3021 4321 3324 4402; x_wconf 83' lang='lat' dir='ltr'><strong>Aegypto</strong></span> <span class='ocrx_word' id='word_1_418' title='bbox 3350 4319 3509 4382; x_wconf 91' lang='lat' dir='ltr'><strong>deos</strong></span> <span class='ocrx_word' id='word_1_419' title='bbox 3543 4321 3758 4383; x_wconf 86' lang='lat' dir='ltr'><strong>cultus</strong></span> <span class='ocrx_word' id='word_1_420' title='bbox 3778 4367 3795 4398; x_wconf 92' lang='lat'><strong>,</strong></span> <span class='ocrx_word' id='word_1_421' title='bbox 3843 4336 3910 4383; x_wconf 84' lang='lat' dir='ltr'><strong>et</strong></span> <span class='ocrx_word' id='word_1_422' title='bbox 3941 4323 4048 4386; x_wconf 86' lang='lat' dir='ltr'><strong>hic</strong></span> <span class='ocrx_word' id='word_1_423' title='bbox 4080 4341 4339 4407; x_wconf 84' lang='lat' dir='ltr'><strong>quoque</strong></span> <span class='ocrx_word' id='word_1_424' title='bbox 4355 4337 4479 4381; x_wconf 79' lang='lat' dir='ltr'><strong>con·</strong></span> 
     </span>
     <span class='ocr_line' id='line_1_81' title="bbox 3021 4423 4396 4510; baseline 0.003 -29"><span class='ocrx_word' id='word_1_425' title='bbox 3021 4425 3367 4484; x_wconf 79' lang='lat' dir='ltr'><strong>servatoris</strong></span> <span class='ocrx_word' id='word_1_426' title='bbox 3394 4426 3681 4503; x_wconf 71' lang='lat' dir='ltr'><strong>Anqusla‘</strong></span> <span class='ocrx_word' id='word_1_427' title='bbox 3712 4442 3952 4487; x_wconf 87' lang='lat' dir='ltr'><strong>nomen</strong></span> <span class='ocrx_word' id='word_1_428' title='bbox 3982 4423 4396 4510; x_wconf 81' lang='lat' dir='ltr'><strong>promeritus.</strong></span> 
     </span>
    </p>
   </div>
   <div class='ocr_carea' id='block_1_19' title="bbox 1410 4568 4465 4597">
    <p class='ocr_par' dir='ltr' id='par_1_23' title="bbox 1410 4568 4465 4597">
     <span class='ocr_line' id='line_1_82' title="bbox 1410 4568 4465 4597; baseline 0 1340"><span class='ocrx_word' id='word_1_429' title='bbox 1410 4568 4465 4597; x_wconf 95' lang='lat' dir='ltr'><strong> </strong></span> 
     </span>
    </p>
   </div>
   <div class='ocr_carea' id='block_1_20' title="bbox 1413 4642 2254 4803">
    <p class='ocr_par' dir='ltr' id='par_1_24' title="bbox 1413 4642 2254 4803">
     <span class='ocr_line' id='line_1_83' title="bbox 1523 4642 2227 4721; baseline 0.011 -26"><span class='ocrx_word' id='word_1_430' title='bbox 1523 4643 1586 4710; x_wconf 87' lang='lat' dir='ltr'><strong>a)</strong></span> <span class='ocrx_word' id='word_1_431' title='bbox 1623 4642 2096 4721; x_wconf 81' lang='lat' dir='ltr'><strong>Lamprid.&#39;eap.</strong></span> <span class='ocrx_word' id='word_1_432' title='bbox 2138 4659 2227 4705; x_wconf 78' lang='lat'><strong>11.</strong></span> 
     </span>
     <span class='ocr_line' id='line_1_84' title="bbox 1413 4728 2254 4803; baseline 0.013 -21"><span class='ocrx_word' id='word_1_433' title='bbox 1413 4728 1568 4803; x_wconf 85' lang='lat' dir='ltr'><strong>prid.</strong></span> <span class='ocrx_word' id='word_1_434' title='bbox 1604 4729 1640 4785; x_wconf 90' lang='lat' dir='ltr'><strong>l.</strong></span> <span class='ocrx_word' id='word_1_435' title='bbox 1678 4751 1728 4791; x_wconf 89' lang='lat' dir='ltr'><strong>c.</strong></span> <span class='ocrx_word' id='word_1_436' title='bbox 1877 4738 1936 4803; x_wconf 90' lang='lat' dir='ltr'><strong>e)</strong></span> <span class='ocrx_word' id='word_1_437' title='bbox 1976 4733 2092 4790; x_wconf 77' lang='lat' dir='ltr'><strong>Dio</strong></span> <span class='ocrx_word' id='word_1_438' title='bbox 2126 4734 2167 4793; x_wconf 89' lang='lat' dir='ltr'><strong>l.</strong></span> <span class='ocrx_word' id='word_1_439' title='bbox 2208 4755 2254 4792; x_wconf 90' lang='lat' dir='ltr'><strong>c.</strong></span> 
     </span>
    </p>
   </div>
   <div class='ocr_carea' id='block_1_21' title="bbox 2353 4644 3485 4820">
    <p class='ocr_par' dir='ltr' id='par_1_25' title="bbox 2353 4644 3485 4820">
     <span class='ocr_line' id='line_1_85' title="bbox 2353 4644 3176 4723; baseline 0.009 -21"><span class='ocrx_word' id='word_1_440' title='bbox 2353 4644 2423 4719; x_wconf 82' lang='lat' dir='ltr'><strong>b)</strong></span> <span class='ocrx_word' id='word_1_441' title='bbox 2460 4645 2573 4704; x_wconf 87' lang='lat' dir='ltr'><strong>Dio</strong></span> <span class='ocrx_word' id='word_1_442' title='bbox 2612 4648 2677 4706; x_wconf 91' lang='lat' dir='ltr'><strong>L.</strong></span> <span class='ocrx_word' id='word_1_443' title='bbox 2716 4646 2956 4710; x_wconf 87' lang='lat' dir='ltr'><strong>LXXII.</strong></span> <span class='ocrx_word' id='word_1_444' title='bbox 2995 4655 3049 4723; x_wconf 85' lang='lat'><strong>§.</strong></span> <span class='ocrx_word' id='word_1_445' title='bbox 3086 4662 3176 4715; x_wconf 80' lang='lat'><strong>15.</strong></span> 
     </span>
     <span class='ocr_line' id='line_1_86' title="bbox 2404 4735 3485 4820; baseline 0.014 -28"><span class='ocrx_word' id='word_1_446' title='bbox 2404 4735 2454 4807; x_wconf 80' lang='lat' dir='ltr'><strong>s)</strong></span> <span class='ocrx_word' id='word_1_447' title='bbox 2492 4739 2693 4796; x_wconf 85' lang='lat' dir='ltr'><strong>Doctr.</strong></span> <span class='ocrx_word' id='word_1_448' title='bbox 2733 4742 2869 4802; x_wconf 88' lang='lat' dir='ltr'><strong>Vol.</strong></span> <span class='ocrx_word' id='word_1_449' title='bbox 2898 4742 3002 4803; x_wconf 88' lang='lat'><strong>111.</strong></span> <span class='ocrx_word' id='word_1_450' title='bbox 3040 4762 3102 4820; x_wconf 85' lang='lat' dir='ltr'><strong>p.</strong></span> <span class='ocrx_word' id='word_1_451' title='bbox 3142 4753 3229 4809; x_wconf 79' lang='lat'><strong>7³.</strong></span> <span class='ocrx_word' id='word_1_452' title='bbox 3269 4752 3327 4801; x_wconf 85' lang='lat' dir='ltr'><strong>et</strong></span> <span class='ocrx_word' id='word_1_453' title='bbox 3360 4754 3485 4808; x_wconf 76' lang='lat'><strong>322·</strong></span> 
     </span>
    </p>
   </div>
   <div class='ocr_carea' id='block_1_22' title="bbox 3316 4628 4481 4733">
    <p class='ocr_par' dir='ltr' id='par_1_26' title="bbox 3316 4628 4481 4733">
     <span class='ocr_line' id='line_1_87' title="bbox 3316 4628 4481 4733; baseline -0.018 -6"><span class='ocrx_word' id='word_1_454' title='bbox 3316 4656 3379 4726; x_wconf 82' lang='lat' dir='ltr'><strong>c)</strong></span> <span class='ocrx_word' id='word_1_455' title='bbox 3417 4654 3739 4733; x_wconf 70' lang='lat' dir='ltr'><strong>Capitolia.</strong></span> <span class='ocrx_word' id='word_1_456' title='bbox 3779 4655 3842 4714; x_wconf 68' lang='lat' dir='ltr'><strong>in</strong></span> <span class='ocrx_word' id='word_1_457' title='bbox 3870 4653 4108 4719; x_wconf 70' lang='lat' dir='ltr'><strong>Albino.</strong></span> <span class='ocrx_word' id='word_1_458' title='bbox 4185 4628 4191 4633; x_wconf 78' lang='grc'><em>’</em></span> <span class='ocrx_word' id='word_1_459' title='bbox 4234 4650 4481 4728; x_wconf 72' lang='lat' dir='ltr'><strong>d)1.am·</strong></span> 
     </span>
    </p>
   </div>
   <div class='ocr_carea' id='block_1_23' title="bbox 4622 5250 4628 5806">
    <p class='ocr_par' dir='ltr' id='par_1_27' title="bbox 4622 5250 4628 5806">
     <span class='ocr_line' id='line_1_88' title="bbox 4622 5250 4628 5806; baseline 0 0"><span class='ocrx_word' id='word_1_460' title='bbox 4622 5250 4628 5806; x_wconf 95' lang='lat' dir='ltr'><strong> </strong></span> 
     </span>
    </p>
   </div>
  </div>
 </body>
</html>
