<?xml version="1.0" encoding="UTF-8"?>
<!DOCTYPE html PUBLIC "-//W3C//DTD XHTML 1.0 Transitional//EN"
    "http://www.w3.org/TR/xhtml1/DTD/xhtml1-transitional.dtd">
<html xmlns="http://www.w3.org/1999/xhtml" xml:lang="en" lang="en">
 <head>
  <title>
</title>
<meta http-equiv="Content-Type" content="text/html;charset=utf-8" />
  <meta name='ocr-system' content='tesseract 3.04.00' />
  <meta name='ocr-capabilities' content='ocr_page ocr_carea ocr_par ocr_line ocrx_word'/>
</head>
<body>
  <div class='ocr_page' id='page_1' title='image "./doctrinanumorum05hohlgoog_0049.png"; bbox 0 0 4652 5937; ppageno 0'>
   <div class='ocr_carea' id='block_1_1' title="bbox 1309 460 3425 549">
    <p class='ocr_par' dir='ltr' id='par_1_1' title="bbox 1309 460 3425 549">
     <span class='ocr_line' id='line_1_1' title="bbox 1309 460 3425 549; baseline -0.006 -2"><span class='ocrx_word' id='word_1_1' title='bbox 1309 460 2037 546; x_wconf 84' lang='lat' dir='ltr'><strong>ANTONINVS</strong></span> <span class='ocrx_word' id='word_1_2' title='bbox 2139 465 2436 541; x_wconf 82' lang='lat' dir='ltr'><strong>PIVS.</strong></span> <span class='ocrx_word' id='word_1_3' title='bbox 3329 485 3425 549; x_wconf 81' lang='lat'><strong>35</strong></span> 
     </span>
    </p>
   </div>
   <div class='ocr_carea' id='block_1_2' title="bbox 236 651 1824 1360">
    <p class='ocr_par' dir='ltr' id='par_1_2' title="bbox 236 651 1824 1360">
     <span class='ocr_line' id='line_1_2' title="bbox 310 651 1816 741; baseline -0.009 -13"><span class='ocrx_word' id='word_1_4' title='bbox 310 678 659 741; x_wconf 65' lang='lat' dir='ltr'><strong>enarrator</strong></span> <span class='ocrx_word' id='word_1_5' title='bbox 707 663 776 726; x_wconf 88' lang='lat' dir='ltr'><strong>in</strong></span> <span class='ocrx_word' id='word_1_6' title='bbox 824 661 951 725; x_wconf 87' lang='lat' dir='ltr'><strong>hoc</strong></span> <span class='ocrx_word' id='word_1_7' title='bbox 989 677 1189 721; x_wconf 88' lang='lat' dir='ltr'><strong>numo</strong></span> <span class='ocrx_word' id='word_1_8' title='bbox 1229 654 1526 741; x_wconf 88' lang='lat' dir='ltr'><strong>geminos</strong></span> <span class='ocrx_word' id='word_1_9' title='bbox 1581 674 1616 715; x_wconf 83' lang='lat' dir='ltr'><strong>a</strong></span> <span class='ocrx_word' id='word_1_10' title='bbox 1661 651 1816 736; x_wconf 89' lang='lat' dir='ltr'><strong>lupa</strong></span> 
     </span>
     <span class='ocr_line' id='line_1_3' title="bbox 306 755 1816 839; baseline -0.011 -8"><span class='ocrx_word' id='word_1_11' title='bbox 306 768 598 830; x_wconf 83' lang='lat' dir='ltr'><strong>nutritos</strong></span> <span class='ocrx_word' id='word_1_12' title='bbox 629 763 928 828; x_wconf 80' lang='lat' dir='ltr'><strong>exhiberi</strong></span> <span class='ocrx_word' id='word_1_13' title='bbox 950 761 1344 833; x_wconf 77' lang='lat' dir='ltr'><strong>existimant,</strong></span> <span class='ocrx_word' id='word_1_14' title='bbox 1389 770 1600 839; x_wconf 83' lang='lat' dir='ltr'><strong>at·ego</strong></span> <span class='ocrx_word' id='word_1_15' title='bbox 1622 755 1816 816; x_wconf 60' lang='lat' dir='ltr'><strong>Tele«</strong></span> 
     </span>
     <span class='ocr_line' id='line_1_4' title="bbox 306 857 1816 953; baseline -0.009 -22"><span class='ocrx_word' id='word_1_16' title='bbox 306 869 517 953; x_wconf 84' lang='lat' dir='ltr'><strong>phum</strong></span> <span class='ocrx_word' id='word_1_17' title='bbox 553 867 876 932; x_wconf 79' lang='lat' dir='ltr'><strong>Arcadem</strong></span> <span class='ocrx_word' id='word_1_18' title='bbox 922 865 989 927; x_wconf 87' lang='lat' dir='ltr'><strong>in</strong></span> <span class='ocrx_word' id='word_1_19' title='bbox 1041 857 1661 941; x_wconf 79' lang='lat' dir='ltr'><strong>monte&#39;Parthenio</strong></span> <span class='ocrx_word' id='word_1_20' title='bbox 1706 876 1816 919; x_wconf 80' lang='lat' dir='ltr'><strong>ex-</strong></span> 
     </span>
     <span class='ocr_line' id='line_1_5' title="bbox 236 958 1815 1055; baseline -0.009 -20"><span class='ocrx_word' id='word_1_21' title='bbox 236 962 245 967; x_wconf 64' lang='grc'><strong>’</strong></span> <span class='ocrx_word' id='word_1_22' title='bbox 305 971 622 1055; x_wconf 85' lang='lat' dir='ltr'><strong>positum,</strong></span> <span class='ocrx_word' id='word_1_23' title='bbox 669 982 738 1031; x_wconf 89' lang='lat' dir='ltr'><strong>et</strong></span> <span class='ocrx_word' id='word_1_24' title='bbox 784 990 820 1029; x_wconf 88' lang='lat' dir='ltr'><strong>a</strong></span> <span class='ocrx_word' id='word_1_25' title='bbox 854 985 1048 1030; x_wconf 76' lang='lat' dir='ltr'><strong>cerva</strong></span> <span class='ocrx_word' id='word_1_26' title='bbox 1080 965 1416 1034; x_wconf 82' lang='lat' dir='ltr'><strong>lactatum,</strong></span> <span class='ocrx_word' id='word_1_27' title='bbox 1450 971 1523 1019; x_wconf 89' lang='lat' dir='ltr'><strong>ut</strong></span> <span class='ocrx_word' id='word_1_28' title='bbox 1546 958 1815 1040; x_wconf 85' lang='lat' dir='ltr'><strong>copiose</strong></span> 
     </span>
     <span class='ocr_line' id='line_1_6' title="bbox 307 1060 1819 1144; baseline -0.007 -12"><span class='ocrx_word' id='word_1_29' title='bbox 307 1071 795 1144; x_wconf 81' lang='lat' dir='ltr'><strong>demonstravi,</strong></span> <span class='ocrx_word' id='word_1_30' title='bbox 878 1088 1029 1131; x_wconf 87' lang='lat' dir='ltr'><strong>cum</strong></span> <span class='ocrx_word' id='word_1_31' title='bbox 1082 1066 1149 1126; x_wconf 87' lang='lat' dir='ltr'><strong>in</strong></span> <span class='ocrx_word' id='word_1_32' title='bbox 1206 1074 1466 1125; x_wconf 88' lang='lat' dir='ltr'><strong>moneta</strong></span> <span class='ocrx_word' id='word_1_33' title='bbox 1507 1060 1819 1143; x_wconf 79' lang='lat' dir='ltr'>Pergami</span> 
     </span>
     <span class='ocr_line' id='line_1_7' title="bbox 302 1163 1824 1256; baseline -0.009 -20"><span class='ocrx_word' id='word_1_34' title='bbox 302 1174 563 1255; x_wconf 75' lang='lat' dir='ltr'><strong>Mysiae</strong></span> <span class='ocrx_word' id='word_1_35' title='bbox 606 1173 899 1256; x_wconf 85' lang='lat' dir='ltr'><strong>ejusdem</strong></span> <span class='ocrx_word' id='word_1_36' title='bbox 951 1163 1323 1251; x_wconf 85' lang='lat' dir='ltr'><strong>argumenti</strong></span> <span class='ocrx_word' id='word_1_37' title='bbox 1384 1181 1660 1224; x_wconf 84' lang='lat' dir='ltr'><strong>numum</strong></span> <span class='ocrx_word' id='word_1_38' title='bbox 1707 1180 1824 1224; x_wconf 81' lang='lat' dir='ltr'><strong>ex-</strong></span> 
     </span>
     <span class='ocr_line' id='line_1_8' title="bbox 302 1268 1233 1360; baseline -0.012 -22"><span class='ocrx_word' id='word_1_39' title='bbox 302 1276 631 1360; x_wconf 81' lang='lat' dir='ltr'><strong>plicarem</strong></span> <span class='ocrx_word' id='word_1_40' title='bbox 661 1319 678 1351; x_wconf 92' lang='lat'>‚</span> <span class='ocrx_word' id='word_1_41' title='bbox 725 1293 921 1358; x_wconf 85' lang='lat' dir='ltr'><strong>quem</strong></span> <span class='ocrx_word' id='word_1_42' title='bbox 959 1269 1117 1333; x_wconf 82' lang='lat' dir='ltr'><strong>vide</strong></span> <span class='ocrx_word' id='word_1_43' title='bbox 1145 1268 1233 1348; x_wconf 80' lang='lat'><strong>⁸).</strong></span> 
     </span>
    </p>
   </div>
   <div class='ocr_carea' id='block_1_3' title="bbox 1045 1435 1087 1473">
    <p class='ocr_par' dir='ltr' id='par_1_3' title="bbox 1045 1435 1087 1473">
     <span class='ocr_line' id='line_1_9' title="bbox 1045 1435 1087 1473; baseline 0 0"><span class='ocrx_word' id='word_1_44' title='bbox 1045 1435 1087 1473; x_wconf 56' lang='grc' dir='ltr'>Φ</span> 
     </span>
    </p>
   </div>
   <div class='ocr_carea' id='block_1_4' title="bbox 300 1476 1827 3139">
    <p class='ocr_par' dir='ltr' id='par_1_4' title="bbox 880 1476 1254 1520">
     <span class='ocr_line' id='line_1_10' title="bbox 880 1476 1254 1520; baseline -0.011 0"><span class='ocrx_word' id='word_1_45' title='bbox 880 1483 919 1520; x_wconf 67' lang='grc' dir='ltr'><strong>ιε</strong></span> <span class='ocrx_word' id='word_1_46' title='bbox 1211 1476 1254 1516; x_wconf 59' lang='grc' dir='ltr'>ι</span> 
     </span>
    </p>

    <p class='ocr_par' dir='ltr' id='par_1_5' title="bbox 314 1534 1825 1827">
     <span class='ocr_line' id='line_1_11' title="bbox 602 1534 1825 1606; baseline -0.008 -3"><span class='ocrx_word' id='word_1_47' title='bbox 602 1538 1140 1606; x_wconf 81' lang='lat' dir='ltr'><strong>ANTONINVS.</strong></span> <span class='ocrx_word' id='word_1_48' title='bbox 1176 1534 1625 1605; x_wconf 77' lang='lat' dir='ltr'><strong>AVG.P1VS.</strong></span> <span class='ocrx_word' id='word_1_49' title='bbox 1647 1534 1725 1594; x_wconf 90' lang='lat' dir='ltr'><strong>P.</strong></span> <span class='ocrx_word' id='word_1_50' title='bbox 1745 1534 1825 1594; x_wconf 81' lang='lat' dir='ltr'><strong>P.</strong></span> 
     </span>
     <span class='ocr_line' id='line_1_12' title="bbox 603 1640 1821 1718; baseline -0.007 -12"><span class='ocrx_word' id='word_1_51' title='bbox 603 1649 745 1708; x_wconf 76' lang='grc' dir='ltr'><strong>ΤΒ.</strong></span> <span class='ocrx_word' id='word_1_52' title='bbox 766 1647 845 1706; x_wconf 76' lang='lat' dir='ltr'><strong>P.</strong></span> <span class='ocrx_word' id='word_1_53' title='bbox 864 1642 1054 1705; x_wconf 87' lang='lat' dir='ltr'><strong>COS.</strong></span> <span class='ocrx_word' id='word_1_54' title='bbox 1081 1642 1198 1701; x_wconf 88' lang='lat'><em>111.</em></span> <span class='ocrx_word' id='word_1_55' title='bbox 1232 1642 1433 1718; x_wconf 81' lang='lat' dir='ltr'><strong>Caput</strong></span> <span class='ocrx_word' id='word_1_56' title='bbox 1443 1640 1821 1700; x_wconf 78' lang='lat' dir='ltr'><strong>laureatum.</strong></span> 
     </span>
     <span class='ocr_line' id='line_1_13' title="bbox 314 1743 1821 1827; baseline -0.008 -15"><span class='ocrx_word' id='word_1_57' title='bbox 314 1751 486 1812; x_wconf 67' lang='lat' dir='ltr'><strong>Sine</strong></span> <span class='ocrx_word' id='word_1_58' title='bbox 499 1749 867 1827; x_wconf 70' lang='grc' dir='ltr'><strong>φίρναρήε,</strong></span> <span class='ocrx_word' id='word_1_59' title='bbox 894 1747 1112 1805; x_wconf 78' lang='lat' dir='ltr'><strong>Diana</strong></span> <span class='ocrx_word' id='word_1_60' title='bbox 1126 1743 1430 1820; x_wconf 77' lang='lat' dir='ltr'><strong>Lucifera</strong></span> <span class='ocrx_word' id='word_1_61' title='bbox 1450 1744 1648 1801; x_wconf 81' lang='lat' dir='ltr'><strong>citato</strong></span> <span class='ocrx_word' id='word_1_62' title='bbox 1663 1759 1821 1822; x_wconf 78' lang='lat' dir='ltr'><strong>equo</strong></span> 
     </span>
    </p>

    <p class='ocr_par' dir='ltr' id='par_1_6' title="bbox 300 1840 1827 3139">
     <span class='ocr_line' id='line_1_14' title="bbox 310 1840 1763 1927; baseline -0.005 -16"><span class='ocrx_word' id='word_1_63' title='bbox 310 1852 606 1912; x_wconf 64' lang='lat' dir='ltr'><strong>insidens</strong></span> <span class='ocrx_word' id='word_1_64' title='bbox 626 1850 845 1927; x_wconf 78' lang='lat' dir='ltr'><strong>facem</strong></span> <span class='ocrx_word' id='word_1_65' title='bbox 886 1854 1071 1907; x_wconf 78' lang='lat' dir='ltr'><strong>tenet.</strong></span> <span class='ocrx_word' id='word_1_66' title='bbox 1119 1844 1255 1904; x_wconf 86' lang='lat' dir='ltr'><strong>AE.</strong></span> <span class='ocrx_word' id='word_1_67' title='bbox 1279 1841 1640 1906; x_wconf 78' lang='lat' dir='ltr'><strong>max.mod.</strong></span> <span class='ocrx_word' id='word_1_68' title='bbox 1676 1840 1763 1919; x_wconf 78' lang='lat' dir='ltr'><strong>b).</strong></span> 
     </span>
     <span class='ocr_line' id='line_1_15' title="bbox 446 1941 1822 2031; baseline -0.007 -20"><span class='ocrx_word' id='word_1_69' title='bbox 446 1953 520 2012; x_wconf 89' lang='lat' dir='ltr'><strong>In</strong></span> <span class='ocrx_word' id='word_1_70' title='bbox 568 1949 871 2031; x_wconf 78' lang='lat' dir='ltr'><strong>elegante</strong></span> <span class='ocrx_word' id='word_1_71' title='bbox 924 1944 1053 2007; x_wconf 84' lang='lat' dir='ltr'><strong>hoc</strong></span> <span class='ocrx_word' id='word_1_72' title='bbox 1094 1964 1292 2021; x_wconf 84' lang='lat' dir='ltr'><strong>numo</strong></span> <span class='ocrx_word' id='word_1_73' title='bbox 1352 1943 1634 2025; x_wconf 87' lang='lat' dir='ltr'><strong>proponi</strong></span> <span class='ocrx_word' id='word_1_74' title='bbox 1669 1941 1822 2002; x_wconf 90' lang='lat' dir='ltr'><strong>Dia-</strong></span> 
     </span>
     <span class='ocr_line' id='line_1_16' title="bbox 308 2043 1824 2128; baseline -0.011 -11"><span class='ocrx_word' id='word_1_75' title='bbox 308 2073 467 2119; x_wconf 80' lang='lat' dir='ltr'><strong>nam</strong></span> <span class='ocrx_word' id='word_1_76' title='bbox 537 2048 955 2123; x_wconf 81' lang='lat' dir='ltr'><strong>Luciferam,</strong></span> <span class='ocrx_word' id='word_1_77' title='bbox 1028 2044 1275 2128; x_wconf 80' lang='lat' dir='ltr'><strong>ambigi</strong></span> <span class='ocrx_word' id='word_1_78' title='bbox 1333 2044 1588 2127; x_wconf 84' lang='lat' dir='ltr'><strong>nequit.</strong></span> <span class='ocrx_word' id='word_1_79' title='bbox 1656 2043 1824 2105; x_wconf 87' lang='lat' dir='ltr'><strong>Con·</strong></span> 
     </span>
     <span class='ocr_line' id='line_1_17' title="bbox 312 2143 1817 2231; baseline -0.007 -16"><span class='ocrx_word' id='word_1_80' title='bbox 312 2169 489 2227; x_wconf 81' lang='lat' dir='ltr'><strong>stat,</strong></span> <span class='ocrx_word' id='word_1_81' title='bbox 529 2152 840 2224; x_wconf 85' lang='lat' dir='ltr'><strong>Dianam,</strong></span> <span class='ocrx_word' id='word_1_82' title='bbox 904 2160 1229 2231; x_wconf 82' lang='lat' dir='ltr'><strong>quatenus</strong></span> <span class='ocrx_word' id='word_1_83' title='bbox 1277 2144 1436 2205; x_wconf 83' lang='lat' dir='ltr'><strong>luna.</strong></span> <span class='ocrx_word' id='word_1_84' title='bbox 1478 2144 1600 2205; x_wconf 84' lang='lat' dir='ltr'><strong>suit</strong></span> <span class='ocrx_word' id='word_1_85' title='bbox 1629 2189 1650 2219; x_wconf 85' lang='lat'>‚</span> <span class='ocrx_word' id='word_1_86' title='bbox 1690 2143 1817 2227; x_wconf 83' lang='lat' dir='ltr'><strong>jam</strong></span> 
     </span>
     <span class='ocr_line' id='line_1_18' title="bbox 310 2246 1823 2333; baseline -0.007 -16"><span class='ocrx_word' id='word_1_87' title='bbox 310 2254 552 2330; x_wconf 85' lang='lat' dir='ltr'><strong>mulis,</strong></span> <span class='ocrx_word' id='word_1_88' title='bbox 594 2252 724 2333; x_wconf 87' lang='lat' dir='ltr'><strong>jam</strong></span> <span class='ocrx_word' id='word_1_89' title='bbox 761 2248 973 2310; x_wconf 88' lang='lat' dir='ltr'><strong>bobus</strong></span> <span class='ocrx_word' id='word_1_90' title='bbox 996 2293 1021 2324; x_wconf 84' lang='lat'><strong>,</strong></span> <span class='ocrx_word' id='word_1_91' title='bbox 1061 2248 1196 2329; x_wconf 84' lang='lat' dir='ltr'><strong>jam</strong></span> <span class='ocrx_word' id='word_1_92' title='bbox 1231 2246 1414 2329; x_wconf 87' lang='lat' dir='ltr'><strong>equis</strong></span> <span class='ocrx_word' id='word_1_93' title='bbox 1435 2246 1643 2308; x_wconf 78' lang='lat' dir='ltr'><strong>fuisse</strong></span> <span class='ocrx_word' id='word_1_94' title='bbox 1672 2266 1823 2310; x_wconf 80' lang='lat' dir='ltr'><strong>vec-</strong></span> 
     </span>
     <span class='ocr_line' id='line_1_19' title="bbox 313 2346 1817 2434; baseline -0.009 -15"><span class='ocrx_word' id='word_1_95' title='bbox 313 2371 475 2419; x_wconf 75' lang='lat' dir='ltr'><strong>tam.</strong></span> <span class='ocrx_word' id='word_1_96' title='bbox 552 2353 771 2428; x_wconf 86' lang='lat' dir='ltr'><strong>Vide,</strong></span> <span class='ocrx_word' id='word_1_97' title='bbox 834 2369 1000 2434; x_wconf 83' lang='lat' dir='ltr'><strong>quae</strong></span> <span class='ocrx_word' id='word_1_98' title='bbox 1057 2347 1430 2410; x_wconf 81' lang='lat' dir='ltr'><strong>notabimus</strong></span> <span class='ocrx_word' id='word_1_99' title='bbox 1487 2346 1557 2408; x_wconf 85' lang='lat' dir='ltr'><strong>in</strong></span> <span class='ocrx_word' id='word_1_100' title='bbox 1604 2346 1817 2407; x_wconf 78' lang='lat' dir='ltr'><strong>numis</strong></span> 
     </span>
     <span class='ocr_line' id='line_1_20' title="bbox 317 2435 1817 2532; baseline -0.007 -13"><span class='ocrx_word' id='word_1_101' title='bbox 317 2435 699 2519; x_wconf 76' lang='lat' dir='ltr'><strong>caracallae</strong></span> <span class='ocrx_word' id='word_1_102' title='bbox 768 2452 920 2512; x_wconf 81' lang='lat' dir='ltr'><strong>anni</strong></span> <span class='ocrx_word' id='word_1_103' title='bbox 973 2452 1050 2517; x_wconf 86' lang='lat' dir='ltr'><strong>V.</strong></span> <span class='ocrx_word' id='word_1_104' title='bbox 1095 2447 1348 2528; x_wconf 76' lang='lat' dir='ltr'><strong>C.t)67.</strong></span> <span class='ocrx_word' id='word_1_105' title='bbox 1427 2450 1817 2532; x_wconf 87' lang='lat' dir='ltr'><strong>Elegantem</strong></span> 
     </span>
     <span class='ocr_line' id='line_1_21' title="bbox 313 2549 1819 2640; baseline -0.007 -20"><span class='ocrx_word' id='word_1_106' title='bbox 313 2557 673 2640; x_wconf 84' lang='lat' dir='ltr'><strong>imaginem</strong></span> <span class='ocrx_word' id='word_1_107' title='bbox 728 2554 955 2613; x_wconf 85' lang='lat' dir='ltr'><strong>Lunae</strong></span> <span class='ocrx_word' id='word_1_108' title='bbox 1003 2569 1323 2635; x_wconf 82' lang='lat' dir='ltr'><strong>equorum</strong></span> <span class='ocrx_word' id='word_1_109' title='bbox 1368 2549 1539 2633; x_wconf 83' lang='lat' dir='ltr'><strong>bigis</strong></span> <span class='ocrx_word' id='word_1_110' title='bbox 1592 2561 1819 2612; x_wconf 83' lang='lat' dir='ltr'><strong>vectae</strong></span> 
     </span>
     <span class='ocr_line' id='line_1_22' title="bbox 300 2650 1823 2732; baseline -0.007 -12"><span class='ocrx_word' id='word_1_111' title='bbox 300 2658 506 2720; x_wconf 58' lang='lat' dir='ltr'><strong>iledit</strong></span> <span class='ocrx_word' id='word_1_112' title='bbox 547 2652 885 2718; x_wconf 88' lang='lat' dir='ltr'><strong>Passerius</strong></span> <span class='ocrx_word' id='word_1_113' title='bbox 941 2652 1009 2711; x_wconf 86' lang='lat' dir='ltr'><strong>in</strong></span> <span class='ocrx_word' id='word_1_114' title='bbox 1046 2650 1369 2713; x_wconf 77' lang='lat' dir='ltr'><strong>Lucernis</strong></span> <span class='ocrx_word' id='word_1_115' title='bbox 1408 2651 1539 2712; x_wconf 83' lang='lat' dir='ltr'><strong>suis</strong></span> <span class='ocrx_word' id='word_1_116' title='bbox 1575 2651 1654 2732; x_wconf 71' lang='grc' dir='ltr'><strong>ο).</strong></span> <span class='ocrx_word' id='word_1_117' title='bbox 1702 2650 1756 2709; x_wconf 92' lang='lat' dir='ltr'><strong>F</strong></span> <span class='ocrx_word' id='word_1_118' title='bbox 1761 2672 1823 2711; x_wconf 86' lang='lat' dir='ltr'><strong>a·</strong></span> 
     </span>
     <span class='ocr_line' id='line_1_23' title="bbox 317 2751 1824 2826; baseline -0.005 -4"><span class='ocrx_word' id='word_1_119' title='bbox 317 2759 451 2822; x_wconf 88' lang='lat' dir='ltr'><strong>cile</strong></span> <span class='ocrx_word' id='word_1_120' title='bbox 502 2756 752 2818; x_wconf 85' lang='lat' dir='ltr'><strong>dedero</strong></span> <span class='ocrx_word' id='word_1_121' title='bbox 794 2751 1256 2826; x_wconf 77' lang='lat' dir='ltr'><strong>Buonarrotio,</strong></span> <span class='ocrx_word' id='word_1_122' title='bbox 1304 2752 1674 2814; x_wconf 78' lang='lat' dir='ltr'><strong>Faustinam</strong></span> <span class='ocrx_word' id='word_1_123' title='bbox 1702 2753 1824 2814; x_wconf 81' lang='lat' dir='ltr'><strong>hac</strong></span> 
     </span>
     <span class='ocr_line' id='line_1_24' title="bbox 317 2852 1825 2945; baseline -0.007 -23"><span class='ocrx_word' id='word_1_124' title='bbox 317 2860 611 2945; x_wconf 80' lang='lat' dir='ltr'><strong>imagine</strong></span> <span class='ocrx_word' id='word_1_125' title='bbox 664 2854 876 2920; x_wconf 84' lang='lat' dir='ltr'><strong>videri</strong></span> <span class='ocrx_word' id='word_1_126' title='bbox 930 2852 1371 2937; x_wconf 83' lang='lat' dir='ltr'><strong>propositam;</strong></span> <span class='ocrx_word' id='word_1_127' title='bbox 1431 2865 1647 2914; x_wconf 87' lang='lat' dir='ltr'><strong>tamen</strong></span> <span class='ocrx_word' id='word_1_128' title='bbox 1693 2871 1825 2913; x_wconf 88' lang='lat' dir='ltr'><strong>non</strong></span> 
     </span>
     <span class='ocr_line' id='line_1_25' title="bbox 321 2956 1827 3047; baseline -0.006 -23"><span class='ocrx_word' id='word_1_129' title='bbox 321 2981 532 3047; x_wconf 81' lang='lat' dir='ltr'><strong>aeque</strong></span> <span class='ocrx_word' id='word_1_130' title='bbox 571 2959 856 3033; x_wconf 83' lang='lat' dir='ltr'><strong>dedero,</strong></span> <span class='ocrx_word' id='word_1_131' title='bbox 909 2956 1034 3018; x_wconf 87' lang='lat' dir='ltr'><strong>hac</strong></span> <span class='ocrx_word' id='word_1_132' title='bbox 1077 2956 1291 3017; x_wconf 81' lang='lat' dir='ltr'><strong>forma</strong></span> <span class='ocrx_word' id='word_1_133' title='bbox 1326 2965 1598 3015; x_wconf 88' lang='lat' dir='ltr'><strong>statuam</strong></span> <span class='ocrx_word' id='word_1_134' title='bbox 1629 2973 1827 3037; x_wconf 82' lang='lat' dir='ltr'><strong>eque·</strong></span> 
     </span>
     <span class='ocr_line' id='line_1_26' title="bbox 321 3055 1825 3139; baseline -0.009 -11"><span class='ocrx_word' id='word_1_135' title='bbox 321 3081 527 3129; x_wconf 88' lang='lat' dir='ltr'><strong>strem</strong></span> <span class='ocrx_word' id='word_1_136' title='bbox 550 3061 899 3125; x_wconf 84' lang='lat' dir='ltr'><strong>Faustinae</strong></span> <span class='ocrx_word' id='word_1_137' title='bbox 937 3058 1140 3122; x_wconf 85' lang='lat' dir='ltr'><strong>fuisse</strong></span> <span class='ocrx_word' id='word_1_138' title='bbox 1179 3055 1480 3139; x_wconf 60' lang='lat' dir='ltr'><strong>positam,</strong></span> <span class='ocrx_word' id='word_1_139' title='bbox 1527 3055 1633 3117; x_wconf 90' lang='lat' dir='ltr'><strong>cui</strong></span> <span class='ocrx_word' id='word_1_140' title='bbox 1671 3075 1825 3117; x_wconf 90' lang='lat' dir='ltr'><strong>con-</strong></span> 
     </span>
    </p>
   </div>
   <div class='ocr_carea' id='block_1_5' title="bbox 230 3151 1851 3332">
    <p class='ocr_par' dir='ltr' id='par_1_7' title="bbox 230 3151 1851 3332">
     <span class='ocr_line' id='line_1_27' title="bbox 318 3151 1851 3249; baseline -0.009 -19"><span class='ocrx_word' id='word_1_141' title='bbox 318 3167 614 3249; x_wconf 83' lang='lat' dir='ltr'><strong>jecturae</strong></span> <span class='ocrx_word' id='word_1_142' title='bbox 635 3151 990 3228; x_wconf 83' lang='lat' dir='ltr'><strong>vehemens</strong></span> <span class='ocrx_word' id='word_1_143' title='bbox 1009 3159 1163 3243; x_wconf 85' lang='lat' dir='ltr'><strong>eqni</strong></span> <span class='ocrx_word' id='word_1_144' title='bbox 1181 3178 1411 3222; x_wconf 81' lang='lat' dir='ltr'><strong>cursus</strong></span> <span class='ocrx_word' id='word_1_145' title='bbox 1431 3156 1608 3219; x_wconf 85' lang='lat' dir='ltr'><strong>haud</strong></span> <span class='ocrx_word' id='word_1_146' title='bbox 1625 3154 1821 3217; x_wconf 80' lang='lat' dir='ltr'><strong>dubie</strong></span> <span class='ocrx_word' id='word_1_147' title='bbox 1850 3195 1851 3198; x_wconf 57' lang='lat'><em>=</em></span> 
     </span>
     <span class='ocr_line' id='line_1_28' title="bbox 230 3267 565 3332; baseline -0.009 1"><span class='ocrx_word' id='word_1_148' title='bbox 230 3271 243 3282; x_wconf 92' lang='grc'><em>“</em></span> <span class='ocrx_word' id='word_1_149' title='bbox 320 3267 565 3332; x_wconf 78' lang='lat' dir='ltr'><strong>obstat.</strong></span> 
     </span>
    </p>
   </div>
   <div class='ocr_carea' id='block_1_6' title="bbox 657 3384 1492 3462">
    <p class='ocr_par' dir='ltr' id='par_1_8' title="bbox 657 3384 1492 3462">
     <span class='ocr_line' id='line_1_29' title="bbox 657 3384 1492 3462; baseline -0.004 -17"><span class='ocrx_word' id='word_1_150' title='bbox 657 3387 756 3445; x_wconf 78' lang='lat' dir='ltr'><strong>Dc</strong></span> <span class='ocrx_word' id='word_1_151' title='bbox 793 3384 1014 3445; x_wconf 72' lang='lat' dir='ltr'><strong>aeneis</strong></span> <span class='ocrx_word' id='word_1_152' title='bbox 1058 3384 1183 3444; x_wconf 87' lang='lat'><em>111.</em></span> <span class='ocrx_word' id='word_1_153' title='bbox 1218 3384 1492 3462; x_wconf 75' lang='lat' dir='ltr'><strong>formae.</strong></span> 
     </span>
    </p>
   </div>
   <div class='ocr_carea' id='block_1_7' title="bbox 320 3497 1826 4090">
    <p class='ocr_par' dir='ltr' id='par_1_9' title="bbox 320 3497 1826 4090">
     <span class='ocr_line' id='line_1_30' title="bbox 452 3497 1821 3584; baseline -0.006 -16"><span class='ocrx_word' id='word_1_154' title='bbox 452 3501 764 3568; x_wconf 78' lang='lat' dir='ltr'><strong>Antonini</strong></span> <span class='ocrx_word' id='word_1_155' title='bbox 809 3509 1069 3584; x_wconf 85' lang='lat' dir='ltr'><strong>quoque</strong></span> <span class='ocrx_word' id='word_1_156' title='bbox 1113 3498 1461 3584; x_wconf 87' lang='lat' dir='ltr'><strong>imperium</strong></span> <span class='ocrx_word' id='word_1_157' title='bbox 1496 3497 1679 3561; x_wconf 84' lang='lat' dir='ltr'><strong>dedit</strong></span> <span class='ocrx_word' id='word_1_158' title='bbox 1705 3519 1821 3560; x_wconf 88' lang='lat' dir='ltr'><strong>nu-</strong></span> 
     </span>
     <span class='ocr_line' id='line_1_31' title="bbox 321 3599 1823 3684; baseline -0.007 -14"><span class='ocrx_word' id='word_1_159' title='bbox 321 3626 466 3670; x_wconf 88' lang='lat' dir='ltr'><strong>mos</strong></span> <span class='ocrx_word' id='word_1_160' title='bbox 528 3608 641 3668; x_wconf 89' lang='lat'>111.</span> <span class='ocrx_word' id='word_1_161' title='bbox 698 3603 987 3676; x_wconf 82' lang='lat' dir='ltr'><strong>formae,</strong></span> <span class='ocrx_word' id='word_1_162' title='bbox 1053 3613 1303 3684; x_wconf 84' lang='lat' dir='ltr'><strong>eosque</strong></span> <span class='ocrx_word' id='word_1_163' title='bbox 1365 3599 1692 3676; x_wconf 85' lang='lat' dir='ltr'><strong>rariores,</strong></span> <span class='ocrx_word' id='word_1_164' title='bbox 1754 3600 1823 3661; x_wconf 88' lang='lat' dir='ltr'><strong>in</strong></span> 
     </span>
     <span class='ocr_line' id='line_1_32' title="bbox 323 3700 1823 3795; baseline -0.007 -23"><span class='ocrx_word' id='word_1_165' title='bbox 323 3729 607 3795; x_wconf 85' lang='lat' dir='ltr'><strong>quorum</strong></span> <span class='ocrx_word' id='word_1_166' title='bbox 663 3722 892 3767; x_wconf 83' lang='lat' dir='ltr'><strong>aversa</strong></span> <span class='ocrx_word' id='word_1_167' title='bbox 954 3701 1055 3764; x_wconf 72' lang='lat' dir='ltr'><strong>est</strong></span> <span class='ocrx_word' id='word_1_168' title='bbox 1120 3703 1192 3764; x_wconf 87' lang='lat' dir='ltr'><strong>S.</strong></span> <span class='ocrx_word' id='word_1_169' title='bbox 1240 3703 1313 3764; x_wconf 86' lang='lat' dir='ltr'><strong>C.</strong></span> <span class='ocrx_word' id='word_1_170' title='bbox 1363 3701 1533 3784; x_wconf 77' lang='lat' dir='ltr'><strong>typis</strong></span> <span class='ocrx_word' id='word_1_171' title='bbox 1593 3700 1823 3764; x_wconf 84' lang='lat' dir='ltr'><strong>obviis.</strong></span> 
     </span>
     <span class='ocr_line' id='line_1_33' title="bbox 321 3801 1826 3894; baseline -0.008 -20"><span class='ocrx_word' id='word_1_172' title='bbox 321 3814 410 3874; x_wconf 78' lang='lat' dir='ltr'><strong>At</strong></span> <span class='ocrx_word' id='word_1_173' title='bbox 436 3806 616 3894; x_wconf 81' lang='lat' dir='ltr'><strong>qnod</strong></span> <span class='ocrx_word' id='word_1_174' title='bbox 652 3806 889 3879; x_wconf 85' lang='lat' dir='ltr'><strong>sciam,</strong></span> <span class='ocrx_word' id='word_1_175' title='bbox 930 3824 1079 3866; x_wconf 86' lang='lat' dir='ltr'><strong>cum</strong></span> <span class='ocrx_word' id='word_1_176' title='bbox 1119 3802 1247 3866; x_wconf 91' lang='lat' dir='ltr'><strong>hoc</strong></span> <span class='ocrx_word' id='word_1_177' title='bbox 1301 3803 1499 3864; x_wconf 86' lang='lat' dir='ltr'><strong>etiam</strong></span> <span class='ocrx_word' id='word_1_178' title='bbox 1547 3801 1826 3885; x_wconf 87' lang='lat' dir='ltr'><strong>impera-</strong></span> 
     </span>
     <span class='ocr_line' id='line_1_34' title="bbox 322 3903 1824 3987; baseline -0.004 -16"><span class='ocrx_word' id='word_1_179' title='bbox 322 3924 475 3973; x_wconf 84' lang='lat' dir='ltr'><strong>tore</strong></span> <span class='ocrx_word' id='word_1_180' title='bbox 511 3904 1028 3987; x_wconf 83' lang='lat' dir='ltr'><strong>desinunthujus</strong></span> <span class='ocrx_word' id='word_1_181' title='bbox 1061 3904 1316 3967; x_wconf 84' lang='lat' dir='ltr'><strong>formae</strong></span> <span class='ocrx_word' id='word_1_182' title='bbox 1348 3903 1553 3981; x_wconf 81' lang='lat' dir='ltr'><strong>numi,</strong></span> <span class='ocrx_word' id='word_1_183' title='bbox 1599 3916 1667 3967; x_wconf 78' lang='lat' dir='ltr'><strong>et</strong></span> <span class='ocrx_word' id='word_1_184' title='bbox 1704 3904 1824 3966; x_wconf 86' lang='lat' dir='ltr'><strong>sub</strong></span> 
     </span>
     <span class='ocr_line' id='line_1_35' title="bbox 320 4006 1482 4090; baseline -0.001 -18"><span class='ocrx_word' id='word_1_185' title='bbox 320 4010 537 4076; x_wconf 87' lang='lat' dir='ltr'><strong>Decio</strong></span> <span class='ocrx_word' id='word_1_186' title='bbox 574 4009 838 4073; x_wconf 86' lang='lat' dir='ltr'><strong>demum</strong></span> <span class='ocrx_word' id='word_1_187' title='bbox 875 4006 1096 4069; x_wconf 86' lang='lat' dir='ltr'><strong>redire</strong></span> <span class='ocrx_word' id='word_1_188' title='bbox 1129 4006 1482 4090; x_wconf 80' lang='lat' dir='ltr'><strong>occipiunt.</strong></span> 
     </span>
    </p>
   </div>
   <div class='ocr_carea' id='block_1_8' title="bbox 327 4176 1826 4479">
    <p class='ocr_par' dir='ltr' id='par_1_10' title="bbox 327 4176 1826 4479">
     <span class='ocr_line' id='line_1_36' title="bbox 602 4176 1563 4256; baseline -0.003 -16"><span class='ocrx_word' id='word_1_189' title='bbox 602 4178 803 4240; x_wconf 74' lang='lat' dir='ltr'><strong>Numi</strong></span> <span class='ocrx_word' id='word_1_190' title='bbox 844 4176 1178 4237; x_wconf 76' lang='lat' dir='ltr'><strong>commatis</strong></span> <span class='ocrx_word' id='word_1_191' title='bbox 1211 4178 1563 4256; x_wconf 70' lang='lat' dir='ltr'><strong>per-cyrini·</strong></span> 
     </span>
     <span class='ocr_line' id='line_1_37' title="bbox 452 4291 1818 4377; baseline -0.002 -20"><span class='ocrx_word' id='word_1_192' title='bbox 452 4293 673 4377; x_wconf 77' lang='lat' dir='ltr'><strong>Hujus</strong></span> <span class='ocrx_word' id='word_1_193' title='bbox 706 4292 971 4376; x_wconf 81' lang='lat' dir='ltr'><strong>generis</strong></span> <span class='ocrx_word' id='word_1_194' title='bbox 1001 4292 1183 4354; x_wconf 86' lang='lat' dir='ltr'><strong>numi</strong></span> <span class='ocrx_word' id='word_1_195' title='bbox 1217 4291 1471 4377; x_wconf 75' lang='lat' dir='ltr'><strong>copiosi</strong></span> <span class='ocrx_word' id='word_1_196' title='bbox 1505 4305 1659 4355; x_wconf 88' lang='lat' dir='ltr'><strong>sunt</strong></span> <span class='ocrx_word' id='word_1_197' title='bbox 1686 4305 1818 4355; x_wconf 85' lang='lat' dir='ltr'><strong>tam</strong></span> 
     </span>
     <span class='ocr_line' id='line_1_38' title="bbox 327 4395 1826 4479; baseline -0.005 -15"><span class='ocrx_word' id='word_1_198' title='bbox 327 4395 592 4464; x_wconf 84' lang='lat' dir='ltr'><strong>urbium</strong></span> <span class='ocrx_word' id='word_1_199' title='bbox 626 4395 1020 4469; x_wconf 84' lang='lat' dir='ltr'><strong>liberarum,</strong></span> <span class='ocrx_word' id='word_1_200' title='bbox 1067 4414 1259 4479; x_wconf 82' lang='lat' dir='ltr'><strong>quam</strong></span> <span class='ocrx_word' id='word_1_201' title='bbox 1289 4396 1732 4472; x_wconf 81' lang='lat' dir='ltr'><strong>coloni-arum,</strong></span> <span class='ocrx_word' id='word_1_202' title='bbox 1760 4407 1826 4457; x_wconf 86' lang='lat' dir='ltr'><strong>at</strong></span> 
     </span>
    </p>
   </div>
   <div class='ocr_carea' id='block_1_9' title="bbox 441 4717 1063 4797">
    <p class='ocr_par' dir='ltr' id='par_1_11' title="bbox 441 4717 1063 4797">
     <span class='ocr_line' id='line_1_39' title="bbox 441 4717 1063 4797; baseline 0.01 -20"><span class='ocrx_word' id='word_1_203' title='bbox 441 4725 507 4794; x_wconf 80' lang='lat' dir='ltr'><strong>a)</strong></span> <span class='ocrx_word' id='word_1_204' title='bbox 544 4719 684 4783; x_wconf 81' lang='lat' dir='ltr'><strong>Vol.</strong></span> <span class='ocrx_word' id='word_1_205' title='bbox 724 4717 798 4778; x_wconf 80' lang='grc' dir='ltr'><strong>ῙῘ.</strong></span> <span class='ocrx_word' id='word_1_206' title='bbox 837 4738 901 4797; x_wconf 81' lang='lat' dir='ltr'><strong>p.</strong></span> <span class='ocrx_word' id='word_1_207' title='bbox 936 4719 1063 4782; x_wconf 73' lang='lat'><strong>468·</strong></span> 
     </span>
    </p>
   </div>
   <div class='ocr_carea' id='block_1_10' title="bbox 1928 648 3464 2359">
    <p class='ocr_par' dir='ltr' id='par_1_12' title="bbox 1928 648 3439 1345">
     <span class='ocr_line' id='line_1_40' title="bbox 1931 648 3433 735; baseline -0.002 -18"><span class='ocrx_word' id='word_1_208' title='bbox 1931 652 2317 735; x_wconf 78' lang='lat' dir='ltr'><strong>cumprimis</strong></span> <span class='ocrx_word' id='word_1_209' title='bbox 2350 649 2679 712; x_wconf 81' lang='lat' dir='ltr'><strong>abundant</strong></span> <span class='ocrx_word' id='word_1_210' title='bbox 2709 649 2891 712; x_wconf 81' lang='lat' dir='ltr'><strong>numi</strong></span> <span class='ocrx_word' id='word_1_211' title='bbox 2923 648 3345 713; x_wconf 67' lang='lat' dir='ltr'><strong>Alexandrini</strong></span> <span class='ocrx_word' id='word_1_212' title='bbox 3378 653 3433 714; x_wconf 86' lang='lat'><strong>1.</strong></span> 
     </span>
     <span class='ocr_line' id='line_1_41' title="bbox 1928 752 3434 837; baseline -0.003 -21"><span class='ocrx_word' id='word_1_213' title='bbox 1928 754 2212 829; x_wconf 85' lang='lat' dir='ltr'><strong>formae,</strong></span> <span class='ocrx_word' id='word_1_214' title='bbox 2262 755 2372 837; x_wconf 90' lang='lat' dir='ltr'><strong>qui</strong></span> <span class='ocrx_word' id='word_1_215' title='bbox 2407 753 2620 814; x_wconf 65' lang='lat' dir='ltr'><strong>etiam</strong></span> <span class='ocrx_word' id='word_1_216' title='bbox 2679 752 2763 814; x_wconf 92' lang='lat' dir='ltr'><strong>ob</strong></span> <span class='ocrx_word' id='word_1_217' title='bbox 2813 765 3000 835; x_wconf 84' lang='lat' dir='ltr'><strong>typos</strong></span> <span class='ocrx_word' id='word_1_218' title='bbox 3041 752 3202 814; x_wconf 84' lang='lat' dir='ltr'><strong>varii</strong></span> <span class='ocrx_word' id='word_1_219' title='bbox 3240 774 3434 835; x_wconf 86' lang='lat' dir='ltr'><strong>argu-</strong></span> 
     </span>
     <span class='ocr_line' id='line_1_42' title="bbox 1931 852 3438 938; baseline -0.003 -21"><span class='ocrx_word' id='word_1_220' title='bbox 1931 855 2135 917; x_wconf 82' lang='lat' dir='ltr'><strong>menti</strong></span> <span class='ocrx_word' id='word_1_221' title='bbox 2169 875 2313 917; x_wconf 87' lang='lat' dir='ltr'><strong>sese</strong></span> <span class='ocrx_word' id='word_1_222' title='bbox 2363 854 2708 938; x_wconf 83' lang='lat' dir='ltr'><strong>insigniter</strong></span> <span class='ocrx_word' id='word_1_223' title='bbox 2759 852 3236 916; x_wconf 83' lang='lat' dir='ltr'><strong>commendant.</strong></span> <span class='ocrx_word' id='word_1_224' title='bbox 3297 852 3438 916; x_wconf 87' lang='lat' dir='ltr'><strong>Ob·</strong></span> 
     </span>
     <span class='ocr_line' id='line_1_43' title="bbox 1932 944 3439 1019; baseline -0.001 -1"><span class='ocrx_word' id='word_1_225' title='bbox 1932 958 2023 1018; x_wconf 81' lang='lat' dir='ltr'><strong>vii</strong></span> <span class='ocrx_word' id='word_1_226' title='bbox 2062 957 2252 1019; x_wconf 88' lang='lat' dir='ltr'><strong>etiam</strong></span> <span class='ocrx_word' id='word_1_227' title='bbox 2299 971 2448 1018; x_wconf 80' lang='lat' dir='ltr'><strong>sunt</strong></span> <span class='ocrx_word' id='word_1_228' title='bbox 2493 956 2680 1019; x_wconf 81' lang='lat' dir='ltr'><strong>aenei</strong></span> <span class='ocrx_word' id='word_1_229' title='bbox 2720 959 2770 1017; x_wconf 85' lang='grc' dir='ltr'><strong>Ι.</strong></span> <span class='ocrx_word' id='word_1_230' title='bbox 2805 956 3015 1018; x_wconf 82' lang='lat' dir='ltr'><strong>rarius</strong></span> <span class='ocrx_word' id='word_1_231' title='bbox 3056 957 3133 1014; x_wconf 85' lang='lat'><strong>11.</strong></span> <span class='ocrx_word' id='word_1_232' title='bbox 3181 944 3439 1016; x_wconf 82' lang='lat' dir='ltr'><strong>formae</strong></span> 
     </span>
     <span class='ocr_line' id='line_1_44' title="bbox 1935 1057 3435 1141; baseline -0.001 -22"><span class='ocrx_word' id='word_1_233' title='bbox 1935 1058 2188 1121; x_wconf 79' lang='lat' dir='ltr'><strong>Graece</strong></span> <span class='ocrx_word' id='word_1_234' title='bbox 2247 1057 2577 1141; x_wconf 78' lang='lat' dir='ltr'><strong>inscripti,</strong></span> <span class='ocrx_word' id='word_1_235' title='bbox 2624 1057 2736 1141; x_wconf 89' lang='lat' dir='ltr'><strong>qui</strong></span> <span class='ocrx_word' id='word_1_236' title='bbox 2775 1057 2927 1119; x_wconf 79' lang='lat' dir='ltr'><strong>hinc</strong></span> <span class='ocrx_word' id='word_1_237' title='bbox 2991 1069 3184 1139; x_wconf 83' lang='lat' dir='ltr'><strong>caput</strong></span> <span class='ocrx_word' id='word_1_238' title='bbox 3233 1057 3435 1117; x_wconf 80' lang='lat' dir='ltr'><strong>Anto-</strong></span> 
     </span>
     <span class='ocr_line' id='line_1_45' title="bbox 1933 1157 3426 1236; baseline -0.004 -13"><span class='ocrx_word' id='word_1_239' title='bbox 1933 1162 2109 1236; x_wconf 88' lang='lat' dir='ltr'><strong>nini,</strong></span> <span class='ocrx_word' id='word_1_240' title='bbox 2156 1160 2342 1222; x_wconf 84' lang='lat' dir='ltr'><strong>illinc</strong></span> <span class='ocrx_word' id='word_1_241' title='bbox 2372 1163 2461 1222; x_wconf 82' lang='lat' dir='ltr'><strong>M.</strong></span> <span class='ocrx_word' id='word_1_242' title='bbox 2483 1159 2734 1220; x_wconf 79' lang='lat' dir='ltr'><strong>Aurelii</strong></span> <span class='ocrx_word' id='word_1_243' title='bbox 2771 1159 3064 1220; x_wconf 81' lang='lat' dir='ltr'><strong>Caesaris</strong></span> <span class='ocrx_word' id='word_1_244' title='bbox 3095 1157 3426 1229; x_wconf 81' lang='lat' dir='ltr'><strong>exhibent,</strong></span> 
     </span>
     <span class='ocr_line' id='line_1_46' title="bbox 1937 1261 2998 1345; baseline -0.003 -21"><span class='ocrx_word' id='word_1_245' title='bbox 1937 1262 2055 1325; x_wconf 75' lang='lat' dir='ltr'><strong>sed</strong></span> <span class='ocrx_word' id='word_1_246' title='bbox 2092 1281 2368 1345; x_wconf 82' lang='lat' dir='ltr'><strong>quorum</strong></span> <span class='ocrx_word' id='word_1_247' title='bbox 2401 1261 2607 1343; x_wconf 84' lang='lat' dir='ltr'><strong>patria</strong></span> <span class='ocrx_word' id='word_1_248' title='bbox 2636 1262 2998 1343; x_wconf 84' lang='lat' dir='ltr'><strong>ignoratur.</strong></span> 
     </span>
    </p>

    <p class='ocr_par' dir='ltr' id='par_1_13' title="bbox 2062 1360 3436 1443">
     <span class='ocr_line' id='line_1_47' title="bbox 2062 1360 3436 1443; baseline -0.002 -20"><span class='ocrx_word' id='word_1_249' title='bbox 2062 1361 2528 1427; x_wconf 74' lang='lat' dir='ltr'><strong>Memorandus</strong></span> <span class='ocrx_word' id='word_1_250' title='bbox 2549 1360 2761 1423; x_wconf 81' lang='lat' dir='ltr'><strong>adhuc</strong></span> <span class='ocrx_word' id='word_1_251' title='bbox 2789 1382 3030 1422; x_wconf 85' lang='lat' dir='ltr'><strong>numus</strong></span> <span class='ocrx_word' id='word_1_252' title='bbox 3045 1360 3399 1443; x_wconf 82' lang='lat' dir='ltr'><strong>singularis</strong></span> <span class='ocrx_word' id='word_1_253' title='bbox 3417 1382 3436 1420; x_wconf 74' lang='lat' dir='ltr'><em>z</em></span> 
     </span>
    </p>

    <p class='ocr_par' dir='ltr' id='par_1_14' title="bbox 1939 1466 3438 1849">
     <span class='ocr_line' id='line_1_48' title="bbox 2117 1466 3297 1541; baseline -0.006 -13"><span class='ocrx_word' id='word_1_254' title='bbox 2117 1469 2397 1528; x_wconf 74' lang='lat' dir='ltr'><strong>Anticae</strong></span> <span class='ocrx_word' id='word_1_255' title='bbox 2430 1468 2766 1541; x_wconf 69' lang='lat' dir='ltr'><strong>inscriptio</strong></span> <span class='ocrx_word' id='word_1_256' title='bbox 2803 1484 2931 1525; x_wconf 75' lang='lat' dir='ltr'><strong>uon</strong></span> <span class='ocrx_word' id='word_1_257' title='bbox 2950 1466 3297 1540; x_wconf 65' lang='lat' dir='ltr'><strong>proditum·</strong></span> 
     </span>
     <span class='ocr_line' id='line_1_49' title="bbox 1940 1559 3435 1629; baseline -0.001 -4"><span class='ocrx_word' id='word_1_258' title='bbox 1940 1563 2301 1629; x_wconf 76' lang='lat' dir='ltr'><strong>GTHCIA.</strong></span> <span class='ocrx_word' id='word_1_259' title='bbox 2366 1559 2812 1628; x_wconf 76' lang='lat' dir='ltr'><strong>cchlTlA.</strong></span> <span class='ocrx_word' id='word_1_260' title='bbox 2877 1567 3112 1626; x_wconf 69' lang='lat' dir='ltr'><strong>Mula’er</strong></span> <span class='ocrx_word' id='word_1_261' title='bbox 3158 1574 3338 1624; x_wconf 77' lang='lat' dir='ltr'><strong>stam</strong></span> <span class='ocrx_word' id='word_1_262' title='bbox 3369 1567 3435 1623; x_wconf 82' lang='lat' dir='ltr'><strong>d.</strong></span> 
     </span>
     <span class='ocr_line' id='line_1_50' title="bbox 1939 1658 3438 1751; baseline -0.003 -20"><span class='ocrx_word' id='word_1_263' title='bbox 1939 1674 2245 1731; x_wconf 77' lang='lat' dir='ltr'><strong>incertum</strong></span> <span class='ocrx_word' id='word_1_264' title='bbox 2292 1670 2486 1751; x_wconf 75' lang='lat' dir='ltr'><strong>quid,</strong></span> <span class='ocrx_word' id='word_1_265' title='bbox 2529 1690 2580 1727; x_wconf 79' lang='lat' dir='ltr'><strong>s.</strong></span> <span class='ocrx_word' id='word_1_266' title='bbox 2624 1669 2900 1727; x_wconf 70' lang='lat' dir='ltr'><strong>hastam.</strong></span> <span class='ocrx_word' id='word_1_267' title='bbox 2942 1658 3080 1727; x_wconf 79' lang='grc' dir='ltr'><strong>ΑΕ.</strong></span> <span class='ocrx_word' id='word_1_268' title='bbox 3129 1666 3204 1724; x_wconf 88' lang='lat'><strong>11.</strong></span> <span class='ocrx_word' id='word_1_269' title='bbox 3240 1668 3438 1740; x_wconf 72' lang='lat' dir='ltr'><strong>(Mus,</strong></span> 
     </span>
     <span class='ocr_line' id='line_1_51' title="bbox 1941 1767 2653 1849; baseline -0.015 -13"><span class='ocrx_word' id='word_1_270' title='bbox 1941 1771 2325 1836; x_wconf 61' lang='lat' dir='ltr'><strong>christinae</strong></span> <span class='ocrx_word' id='word_1_271' title='bbox 2351 1767 2478 1829; x_wconf 86' lang='lat' dir='ltr'><strong>tab.</strong></span> <span class='ocrx_word' id='word_1_272' title='bbox 2513 1768 2653 1849; x_wconf 59' lang='lat'><strong>57,)</strong></span> 
     </span>
    </p>

    <p class='ocr_par' dir='ltr' id='par_1_15' title="bbox 1938 1868 3464 2359">
     <span class='ocr_line' id='line_1_52' title="bbox 2068 1868 3464 1951; baseline -0.004 -17"><span class='ocrx_word' id='word_1_273' title='bbox 2068 1873 2275 1935; x_wconf 87' lang='lat' dir='ltr'><strong>Erant</strong></span> <span class='ocrx_word' id='word_1_274' title='bbox 2294 1885 2593 1930; x_wconf 74' lang='grc' dir='ltr'><strong>συσσιτκι</strong></span> <span class='ocrx_word' id='word_1_275' title='bbox 2625 1868 2907 1951; x_wconf 88' lang='lat' dir='ltr'><strong>publica,</strong></span> <span class='ocrx_word' id='word_1_276' title='bbox 2955 1880 3021 1929; x_wconf 81' lang='lat' dir='ltr'><strong>et</strong></span> <span class='ocrx_word' id='word_1_277' title='bbox 3065 1868 3464 1930; x_wconf 83' lang='lat' dir='ltr'><strong>communia&#39;</strong></span> 
     </span>
     <span class='ocr_line' id='line_1_53' title="bbox 1938 1969 3440 2052; baseline -0.003 -15"><span class='ocrx_word' id='word_1_278' title='bbox 1938 1974 2438 2037; x_wconf 78' lang='lat' dir='ltr'><strong>Lacedaemone</strong></span> <span class='ocrx_word' id='word_1_279' title='bbox 2483 1970 2780 2034; x_wconf 80' lang='lat' dir='ltr'><strong>convivia</strong></span> <span class='ocrx_word' id='word_1_280' title='bbox 2830 1989 2914 2032; x_wconf 88' lang='lat' dir='ltr'><strong>ex</strong></span> <span class='ocrx_word' id='word_1_281' title='bbox 2959 1969 3256 2032; x_wconf 88' lang='lat' dir='ltr'><strong>instituto</strong></span> <span class='ocrx_word' id='word_1_282' title='bbox 3312 1972 3440 2052; x_wconf 80' lang='lat' dir='ltr'><strong>Ly-</strong></span> 
     </span>
     <span class='ocr_line' id='line_1_54' title="bbox 1940 2072 3435 2158; baseline -0.004 -20"><span class='ocrx_word' id='word_1_283' title='bbox 1940 2075 2147 2158; x_wconf 81' lang='lat' dir='ltr'><strong>curgi.</strong></span> <span class='ocrx_word' id='word_1_284' title='bbox 2190 2076 2427 2138; x_wconf 79' lang='lat' dir='ltr'><strong>Vtrum</strong></span> <span class='ocrx_word' id='word_1_285' title='bbox 2453 2072 2816 2134; x_wconf 79' lang='lat' dir='ltr'><strong>Antoninus</strong></span> <span class='ocrx_word' id='word_1_286' title='bbox 2858 2093 3077 2133; x_wconf 83' lang='lat' dir='ltr'><strong>annua</strong></span> <span class='ocrx_word' id='word_1_287' title='bbox 3111 2075 3435 2147; x_wconf 63' lang='lat' dir='ltr'><strong>convivia,</strong></span> 
     </span>
     <span class='ocr_line' id='line_1_55' title="bbox 1938 2156 3436 2260; baseline -0.003 -22"><span class='ocrx_word' id='word_1_288' title='bbox 1938 2197 2104 2260; x_wconf 85' lang='lat' dir='ltr'><strong>quae</strong></span> <span class='ocrx_word' id='word_1_289' title='bbox 2156 2156 2398 2237; x_wconf 76' lang='lat' dir='ltr'><strong>numus</strong></span> <span class='ocrx_word' id='word_1_290' title='bbox 2448 2173 2816 2256; x_wconf 73' lang='lat' dir='ltr'><strong>eloquitur,</strong></span> <span class='ocrx_word' id='word_1_291' title='bbox 2880 2185 2947 2234; x_wconf 86' lang='lat' dir='ltr'><strong>et</strong></span> <span class='ocrx_word' id='word_1_292' title='bbox 2996 2194 3118 2257; x_wconf 86' lang='lat' dir='ltr'><strong>qua</strong></span> <span class='ocrx_word' id='word_1_293' title='bbox 3169 2171 3236 2231; x_wconf 86' lang='lat' dir='ltr'><strong>in</strong></span> <span class='ocrx_word' id='word_1_294' title='bbox 3267 2171 3436 2234; x_wconf 82' lang='lat' dir='ltr'><strong>urbe</strong></span> 
     </span>
     <span class='ocr_line' id='line_1_56' title="bbox 1938 2274 3439 2359; baseline -0.005 -18"><span class='ocrx_word' id='word_1_295' title='bbox 1938 2280 2188 2341; x_wconf 82' lang='lat' dir='ltr'><strong>Graeca</strong></span> <span class='ocrx_word' id='word_1_296' title='bbox 2238 2298 2360 2359; x_wconf 89' lang='lat' dir='ltr'><strong>per</strong></span> <span class='ocrx_word' id='word_1_297' title='bbox 2408 2288 2636 2336; x_wconf 85' lang='lat' dir='ltr'><strong>statam</strong></span> <span class='ocrx_word' id='word_1_298' title='bbox 2693 2274 3152 2336; x_wconf 81' lang='lat' dir='ltr'><strong>liberalitatem</strong></span> <span class='ocrx_word' id='word_1_299' title='bbox 3187 2274 3439 2335; x_wconf 86' lang='lat' dir='ltr'><strong>consti-</strong></span> 
     </span>
    </p>
   </div>
   <div class='ocr_carea' id='block_1_11' title="bbox 1924 2374 3439 2461">
    <p class='ocr_par' dir='ltr' id='par_1_16' title="bbox 1924 2374 3439 2461">
     <span class='ocr_line' id='line_1_57' title="bbox 1924 2374 3439 2461; baseline -0.005 -20"><span class='ocrx_word' id='word_1_300' title='bbox 1924 2378 2157 2454; x_wconf 55' lang='lat' dir='ltr'><strong>tuerit,</strong></span> <span class='ocrx_word' id='word_1_301' title='bbox 2204 2378 2601 2461; x_wconf 73' lang='lat' dir='ltr'><strong>ignoramus,</strong></span> <span class='ocrx_word' id='word_1_302' title='bbox 2650 2379 2850 2439; x_wconf 85' lang='lat' dir='ltr'><strong>Forte</strong></span> <span class='ocrx_word' id='word_1_303' title='bbox 2882 2374 3241 2460; x_wconf 85' lang='lat' dir='ltr'><strong>epigraphe</strong></span> <span class='ocrx_word' id='word_1_304' title='bbox 3275 2393 3439 2435; x_wconf 76' lang='lat' dir='ltr'><strong>eun-</strong></span> 
     </span>
    </p>
   </div>
   <div class='ocr_carea' id='block_1_12' title="bbox 1938 2474 3478 2972">
    <p class='ocr_par' dir='ltr' id='par_1_17' title="bbox 1938 2474 3478 2972">
     <span class='ocr_line' id='line_1_58' title="bbox 1938 2474 3443 2561; baseline -0.005 -18"><span class='ocrx_word' id='word_1_305' title='bbox 1938 2482 2088 2543; x_wconf 87' lang='lat' dir='ltr'><strong>dem</strong></span> <span class='ocrx_word' id='word_1_306' title='bbox 2123 2500 2384 2541; x_wconf 87' lang='lat' dir='ltr'><strong>sensum</strong></span> <span class='ocrx_word' id='word_1_307' title='bbox 2433 2478 2667 2557; x_wconf 83' lang='lat' dir='ltr'><strong>habet,</strong></span> <span class='ocrx_word' id='word_1_308' title='bbox 2715 2497 2909 2561; x_wconf 88' lang='lat' dir='ltr'><strong>quem</strong></span> <span class='ocrx_word' id='word_1_309' title='bbox 2947 2474 3275 2540; x_wconf 79' lang='lat' dir='ltr'><strong>celTOc</strong></span> <span class='ocrx_word' id='word_1_310' title='bbox 3325 2497 3443 2536; x_wconf 82' lang='lat' dir='ltr'><strong>an-</strong></span> 
     </span>
     <span class='ocr_line' id='line_1_59' title="bbox 1940 2577 3442 2661; baseline -0.005 -16"><span class='ocrx_word' id='word_1_311' title='bbox 1940 2605 2146 2654; x_wconf 78' lang='lat' dir='ltr'><strong>nona,</strong></span> <span class='ocrx_word' id='word_1_312' title='bbox 2191 2581 2575 2661; x_wconf 76' lang='lat' dir='ltr'><strong>inscriptum</strong></span> <span class='ocrx_word' id='word_1_313' title='bbox 2619 2598 2818 2640; x_wconf 90' lang='lat' dir='ltr'><strong>numo</strong></span> <span class='ocrx_word' id='word_1_314' title='bbox 2854 2578 3083 2653; x_wconf 87' lang='lat' dir='ltr'><strong>Tarsi,</strong></span> <span class='ocrx_word' id='word_1_315' title='bbox 3144 2577 3251 2640; x_wconf 83' lang='lat' dir='ltr'><strong>vel</strong></span> <span class='ocrx_word' id='word_1_316' title='bbox 3291 2577 3442 2638; x_wconf 83' lang='lat' dir='ltr'><strong>BE-</strong></span> 
     </span>
     <span class='ocr_line' id='line_1_60' title="bbox 1942 2678 3443 2748; baseline -0.006 0"><span class='ocrx_word' id='word_1_317' title='bbox 1942 2682 2901 2748; x_wconf 78' lang='lat' dir='ltr'><strong>NEFICIVM.AE&#39;1·ERNVM</strong></span> <span class='ocrx_word' id='word_1_318' title='bbox 2942 2680 3010 2740; x_wconf 88' lang='lat' dir='ltr'><strong>in</strong></span> <span class='ocrx_word' id='word_1_319' title='bbox 3039 2680 3252 2740; x_wconf 88' lang='lat' dir='ltr'><strong>numis</strong></span> <span class='ocrx_word' id='word_1_320' title='bbox 3272 2678 3443 2739; x_wconf 84' lang='lat' dir='ltr'><strong>Lao-</strong></span> 
     </span>
     <span class='ocr_line' id='line_1_61' title="bbox 1943 2779 3478 2864; baseline -0.005 -16"><span class='ocrx_word' id='word_1_321' title='bbox 1943 2786 2169 2847; x_wconf 87' lang='lat' dir='ltr'><strong>diceae</strong></span> <span class='ocrx_word' id='word_1_322' title='bbox 2214 2784 2462 2864; x_wconf 78' lang='lat' dir='ltr'><strong>Syriae.</strong></span> <span class='ocrx_word' id='word_1_323' title='bbox 2508 2782 2815 2842; x_wconf 88' lang='lat' dir='ltr'><strong>nimirum</strong></span> <span class='ocrx_word' id='word_1_324' title='bbox 2845 2781 2950 2841; x_wconf 84' lang='lat' dir='ltr'><strong>his</strong></span> <span class='ocrx_word' id='word_1_325' title='bbox 2984 2779 3478 2842; x_wconf 40' lang='lat' dir='ltr'><strong>urbibuslibe?</strong></span> 
     </span>
     <span class='ocr_line' id='line_1_62' title="bbox 1942 2883 2996 2972; baseline -0.009 -22"><span class='ocrx_word' id='word_1_326' title='bbox 1942 2889 2198 2950; x_wconf 77' lang='lat' dir='ltr'><strong>ralitate</strong></span> <span class='ocrx_word' id='word_1_327' title='bbox 2226 2884 2542 2972; x_wconf 84' lang='lat' dir='ltr'><strong>principis</strong></span> <span class='ocrx_word' id='word_1_328' title='bbox 2569 2883 2996 2968; x_wconf 75' lang='lat' dir='ltr'><strong>adsignatum.</strong></span> 
     </span>
    </p>
   </div>
   <div class='ocr_carea' id='block_1_13' title="bbox 2181 3095 3202 3194">
    <p class='ocr_par' dir='ltr' id='par_1_18' title="bbox 2181 3095 3202 3194">
     <span class='ocr_line' id='line_1_63' title="bbox 2181 3095 3202 3194; baseline -0.005 -22"><span class='ocrx_word' id='word_1_329' title='bbox 2181 3110 2554 3194; x_wconf 68' lang='lat' dir='ltr'><em>TITVLJ</em></span> <span class='ocrx_word' id='word_1_330' title='bbox 2613 3095 3202 3172; x_wconf 75' lang='grc' dir='ltr'><em>ΛΝΤοΝιΝΙ.</em></span> 
     </span>
    </p>
   </div>
   <div class='ocr_carea' id='block_1_14' title="bbox 2353 3279 3031 3357">
    <p class='ocr_par' dir='ltr' id='par_1_19' title="bbox 2353 3279 3031 3357">
     <span class='ocr_line' id='line_1_64' title="bbox 2353 3279 3031 3357; baseline -0.004 -19"><span class='ocrx_word' id='word_1_331' title='bbox 2353 3281 2608 3341; x_wconf 77' lang='lat' dir='ltr'><strong>Pater</strong></span> <span class='ocrx_word' id='word_1_332' title='bbox 2672 3279 3031 3357; x_wconf 73' lang='lat' dir='ltr'><strong>patriae.</strong></span> 
     </span>
    </p>
   </div>
   <div class='ocr_carea' id='block_1_15' title="bbox 1939 3479 3440 4461">
    <p class='ocr_par' dir='ltr' id='par_1_20' title="bbox 1939 3479 3440 4461">
     <span class='ocr_line' id='line_1_65' title="bbox 2071 3479 3440 3565; baseline -0.004 -21"><span class='ocrx_word' id='word_1_333' title='bbox 2071 3485 2271 3544; x_wconf 85' lang='lat' dir='ltr'><strong>Teste</strong></span> <span class='ocrx_word' id='word_1_334' title='bbox 2308 3479 2677 3565; x_wconf 87' lang='lat' dir='ltr'><strong>Capitolino</strong></span> <span class='ocrx_word' id='word_1_335' title='bbox 2689 3485 2903 3560; x_wconf 79' lang='lat' dir='ltr'><strong>patris</strong></span> <span class='ocrx_word' id='word_1_336' title='bbox 2923 3481 3185 3558; x_wconf 73' lang='lat' dir='ltr'><strong>patriae</strong></span> <span class='ocrx_word' id='word_1_337' title='bbox 3207 3497 3440 3538; x_wconf 81' lang='lat' dir='ltr'><strong>nomen</strong></span> 
     </span>
     <span class='ocr_line' id='line_1_66' title="bbox 1943 3582 3438 3664; baseline -0.008 -15"><span class='ocrx_word' id='word_1_338' title='bbox 1943 3588 2225 3649; x_wconf 77' lang='lat' dir='ltr'><strong>delatum</strong></span> <span class='ocrx_word' id='word_1_339' title='bbox 2262 3607 2304 3645; x_wconf 86' lang='lat' dir='ltr'><em>a</em></span> <span class='ocrx_word' id='word_1_340' title='bbox 2334 3592 2579 3657; x_wconf 72' lang='lat' dir='ltr'><strong>senatu,</strong></span> <span class='ocrx_word' id='word_1_341' title='bbox 2626 3586 2802 3664; x_wconf 70' lang='lat' dir='ltr'><strong>qnod</strong></span> <span class='ocrx_word' id='word_1_342' title='bbox 2822 3584 3028 3657; x_wconf 77' lang='lat' dir='ltr'><strong>pre&#39;mo</strong></span> <span class='ocrx_word' id='word_1_343' title='bbox 3077 3582 3438 3650; x_wconf 71' lang='lat' dir='ltr'><strong>distulerat,</strong></span> 
     </span>
     <span class='ocr_line' id='line_1_67' title="bbox 1939 3685 3438 3769; baseline -0.005 -19"><span class='ocrx_word' id='word_1_344' title='bbox 1939 3710 2083 3750; x_wconf 77' lang='lat' dir='ltr'><strong>cum</strong></span> <span class='ocrx_word' id='word_1_345' title='bbox 2118 3691 2363 3769; x_wconf 74' lang='lat' dir='ltr'><strong>inqenti</strong></span> <span class='ocrx_word' id='word_1_346' title='bbox 2404 3689 2767 3766; x_wconf 71' lang='lat' dir='ltr'><strong>qratiarum</strong></span> <span class='ocrx_word' id='word_1_347' title='bbox 2825 3685 3077 3743; x_wconf 78' lang='lat' dir='ltr'><strong>actione</strong></span> <span class='ocrx_word' id='word_1_348' title='bbox 3139 3685 3438 3759; x_wconf 66' lang='lat' dir='ltr'><strong>suscepit.</strong></span> 
     </span>
     <span class='ocr_line' id='line_1_68' title="bbox 1939 3782 3433 3867; baseline -0.008 -15"><span class='ocrx_word' id='word_1_349' title='bbox 1939 3791 2213 3852; x_wconf 86' lang='lat' dir='ltr'><strong>Factum</strong></span> <span class='ocrx_word' id='word_1_350' title='bbox 2257 3786 2435 3849; x_wconf 83' lang='lat' dir='ltr'><strong>istud</strong></span> <span class='ocrx_word' id='word_1_351' title='bbox 2469 3806 2614 3852; x_wconf 81' lang='lat' dir='ltr'><strong>esse</strong></span> <span class='ocrx_word' id='word_1_352' title='bbox 2649 3785 2724 3846; x_wconf 73' lang='lat' dir='ltr'><strong>in·</strong></span> <span class='ocrx_word' id='word_1_353' title='bbox 2754 3784 2896 3867; x_wconf 86' lang='lat' dir='ltr'><strong>ejus</strong></span> <span class='ocrx_word' id='word_1_354' title='bbox 2932 3782 3271 3844; x_wconf 80' lang='lat' dir='ltr'><strong>consulatu</strong></span> <span class='ocrx_word' id='word_1_355' title='bbox 3313 3783 3392 3842; x_wconf 91' lang='lat'><strong>11.</strong></span> <span class='ocrx_word' id='word_1_356' title='bbox 3415 3825 3433 3857; x_wconf 88' lang='lat'><strong>,</strong></span> 
     </span>
     <span class='ocr_line' id='line_1_69' title="bbox 1941 3881 3436 3969; baseline -0.005 -19"><span class='ocrx_word' id='word_1_357' title='bbox 1941 3910 2060 3952; x_wconf 88' lang='lat' dir='ltr'><strong>seu</strong></span> <span class='ocrx_word' id='word_1_358' title='bbox 2105 3910 2273 3951; x_wconf 83' lang='lat' dir='ltr'><strong>anno</strong></span> <span class='ocrx_word' id='word_1_359' title='bbox 2299 3889 2383 3952; x_wconf 84' lang='lat' dir='ltr'><strong>V.</strong></span> <span class='ocrx_word' id='word_1_360' title='bbox 2428 3889 2505 3950; x_wconf 87' lang='lat' dir='ltr'><strong>C.</strong></span> <span class='ocrx_word' id='word_1_361' title='bbox 2553 3889 2711 3969; x_wconf 67' lang='lat'><strong>892,</strong></span> <span class='ocrx_word' id='word_1_362' title='bbox 2756 3899 2951 3968; x_wconf 87' lang='lat' dir='ltr'><strong>atque</strong></span> <span class='ocrx_word' id='word_1_363' title='bbox 2999 3883 3163 3945; x_wconf 85' lang='lat' dir='ltr'><strong>adeo</strong></span> <span class='ocrx_word' id='word_1_364' title='bbox 3202 3881 3436 3945; x_wconf 90' lang='lat' dir='ltr'><strong>saltem</strong></span> 
     </span>
     <span class='ocr_line' id='line_1_70' title="bbox 1939 3982 3435 4072; baseline -0.007 -20"><span class='ocrx_word' id='word_1_365' title='bbox 1939 3990 2069 4072; x_wconf 86' lang='lat' dir='ltr'><strong>jam</strong></span> <span class='ocrx_word' id='word_1_366' title='bbox 2099 3990 2167 4051; x_wconf 85' lang='lat' dir='ltr'><strong>in</strong></span> <span class='ocrx_word' id='word_1_367' title='bbox 2196 3992 2276 4054; x_wconf 87' lang='lat'><strong>11.</strong></span> <span class='ocrx_word' id='word_1_368' title='bbox 2307 3988 2465 4054; x_wconf 74' lang='lat' dir='ltr'><strong>trib.</strong></span> <span class='ocrx_word' id='word_1_369' title='bbox 2497 4001 2844 4071; x_wconf 77' lang='lat' dir='ltr'><strong>potestate,</strong></span> <span class='ocrx_word' id='word_1_370' title='bbox 2889 3984 3228 4068; x_wconf 83' lang='lat' dir='ltr'><strong>praeclare</strong></span> <span class='ocrx_word' id='word_1_371' title='bbox 3261 3982 3435 4043; x_wconf 89' lang='lat' dir='ltr'><strong>erui·</strong></span> 
     </span>
     <span class='ocr_line' id='line_1_71' title="bbox 1940 4070 3437 4169; baseline -0.007 -15"><span class='ocrx_word' id='word_1_372' title='bbox 1940 4105 2049 4154; x_wconf 85' lang='lat' dir='ltr'><strong>tur</strong></span> <span class='ocrx_word' id='word_1_373' title='bbox 2098 4110 2181 4154; x_wconf 84' lang='lat' dir='ltr'><strong>ex</strong></span> <span class='ocrx_word' id='word_1_374' title='bbox 2226 4090 2481 4169; x_wconf 78' lang='lat' dir='ltr'><strong>numis3</strong></span> <span class='ocrx_word' id='word_1_375' title='bbox 2527 4111 2676 4150; x_wconf 89' lang='lat' dir='ltr'><strong>nam</strong></span> <span class='ocrx_word' id='word_1_376' title='bbox 2703 4088 2943 4150; x_wconf 86' lang='lat' dir='ltr'><strong>horum</strong></span> <span class='ocrx_word' id='word_1_377' title='bbox 2991 4070 3103 4146; x_wconf 75' lang='lat' dir='ltr'><strong>alii</strong></span> <span class='ocrx_word' id='word_1_378' title='bbox 3141 4070 3437 4146; x_wconf 75' lang='lat' dir='ltr'><strong>c&#39;onsula-</strong></span> 
     </span>
     <span class='ocr_line' id='line_1_72' title="bbox 1942 4185 3440 4258; baseline -0.005 -5"><span class='ocrx_word' id='word_1_379' title='bbox 1942 4206 2079 4254; x_wconf 83' lang='lat' dir='ltr'><strong>tum</strong></span> <span class='ocrx_word' id='word_1_380' title='bbox 2110 4194 2189 4254; x_wconf 90' lang='lat'><strong>11.</strong></span> <span class='ocrx_word' id='word_1_381' title='bbox 2224 4204 2527 4256; x_wconf 83' lang='lat' dir='ltr'><strong>notantes</strong></span> <span class='ocrx_word' id='word_1_382' title='bbox 2561 4189 2694 4253; x_wconf 89' lang='lat' dir='ltr'><strong>hoc</strong></span> <span class='ocrx_word' id='word_1_383' title='bbox 2717 4189 2942 4252; x_wconf 74' lang='lat' dir='ltr'><strong>adhue</strong></span> <span class='ocrx_word' id='word_1_384' title='bbox 2963 4185 3158 4249; x_wconf 78' lang='lat' dir='ltr'><strong>titulo</strong></span> <span class='ocrx_word' id='word_1_385' title='bbox 3188 4197 3440 4258; x_wconf 83' lang='lat' dir='ltr'><strong>carent,</strong></span> 
     </span>
     <span class='ocr_line' id='line_1_73' title="bbox 1940 4286 3437 4358; baseline -0.006 -2"><span class='ocrx_word' id='word_1_386' title='bbox 1940 4295 2053 4356; x_wconf 91' lang='lat' dir='ltr'><strong>alii</strong></span> <span class='ocrx_word' id='word_1_387' title='bbox 2091 4314 2239 4357; x_wconf 89' lang='lat' dir='ltr'><strong>eum</strong></span> <span class='ocrx_word' id='word_1_388' title='bbox 2289 4292 2621 4358; x_wconf 87' lang='lat' dir='ltr'><strong>adhibent.</strong></span> <span class='ocrx_word' id='word_1_389' title='bbox 2691 4287 3017 4352; x_wconf 78' lang='lat' dir='ltr'><strong>Eusebius</strong></span> <span class='ocrx_word' id='word_1_390' title='bbox 3053 4287 3121 4348; x_wconf 91' lang='lat' dir='ltr'><strong>in</strong></span> <span class='ocrx_word' id='word_1_391' title='bbox 3161 4286 3437 4351; x_wconf 87' lang='lat' dir='ltr'><strong>Chroni-</strong></span> 
     </span>
     <span class='ocr_line' id='line_1_74' title="bbox 1942 4387 3436 4461; baseline -0.005 -3"><span class='ocrx_word' id='word_1_392' title='bbox 1942 4415 2023 4458; x_wconf 88' lang='lat' dir='ltr'><strong>co</strong></span> <span class='ocrx_word' id='word_1_393' title='bbox 2064 4397 2328 4460; x_wconf 80' lang='lat' dir='ltr'><strong>titulum</strong></span> <span class='ocrx_word' id='word_1_394' title='bbox 2374 4397 2550 4461; x_wconf 80' lang='lat' dir='ltr'><strong>hune</strong></span> <span class='ocrx_word' id='word_1_395' title='bbox 2601 4393 2670 4456; x_wconf 84' lang='lat' dir='ltr'><strong>in</strong></span> <span class='ocrx_word' id='word_1_396' title='bbox 2718 4388 3076 4454; x_wconf 83' lang='lat' dir='ltr'><strong>secundum</strong></span> <span class='ocrx_word' id='word_1_397' title='bbox 3120 4387 3436 4452; x_wconf 81' lang='lat' dir='ltr'><strong>Antonini</strong></span> 
     </span>
    </p>
   </div>
   <div class='ocr_carea' id='block_1_16' title="bbox 1212 4691 3082 4796">
    <p class='ocr_par' dir='ltr' id='par_1_21' title="bbox 1212 4691 3082 4796">
     <span class='ocr_line' id='line_1_75' title="bbox 1212 4691 3082 4796; baseline 0.001 -23"><span class='ocrx_word' id='word_1_398' title='bbox 1212 4717 1281 4790; x_wconf 85' lang='lat' dir='ltr'><strong>b)</strong></span> <span class='ocrx_word' id='word_1_399' title='bbox 1326 4714 1676 4775; x_wconf 80' lang='lat' dir='ltr'><strong>Buonarroti</strong></span> <span class='ocrx_word' id='word_1_400' title='bbox 1716 4717 1952 4777; x_wconf 80' lang='lat' dir='ltr'><strong>Osserv.</strong></span> <span class='ocrx_word' id='word_1_401' title='bbox 1995 4718 2154 4780; x_wconf 81' lang='lat' dir='ltr'><strong>istor.</strong></span> <span class='ocrx_word' id='word_1_402' title='bbox 2194 4740 2257 4796; x_wconf 75' lang='lat' dir='ltr'><strong>p·</strong></span> <span class='ocrx_word' id='word_1_403' title='bbox 2291 4727 2385 4782; x_wconf 72' lang='lat'><strong>42.</strong></span> <span class='ocrx_word' id='word_1_404' title='bbox 2471 4691 2474 4696; x_wconf 87' lang='lat'>.</span> <span class='ocrx_word' id='word_1_405' title='bbox 2536 4718 2598 4788; x_wconf 86' lang='lat' dir='ltr'><strong>c)</strong></span> <span class='ocrx_word' id='word_1_406' title='bbox 2632 4711 2770 4773; x_wconf 77' lang='lat' dir='ltr'><strong>Vol·</strong></span> <span class='ocrx_word' id='word_1_407' title='bbox 2809 4711 2853 4767; x_wconf 84' lang='lat' dir='ltr'><strong>I·</strong></span> <span class='ocrx_word' id='word_1_408' title='bbox 2894 4730 2953 4787; x_wconf 87' lang='lat' dir='ltr'><strong>p·</strong></span> <span class='ocrx_word' id='word_1_409' title='bbox 2993 4723 3082 4774; x_wconf 76' lang='lat'><strong>77-</strong></span> 
     </span>
    </p>
   </div>
   <div class='ocr_carea' id='block_1_17' title="bbox 2886 4829 3030 4888">
    <p class='ocr_par' dir='ltr' id='par_1_22' title="bbox 2886 4829 3030 4888">
     <span class='ocr_line' id='line_1_76' title="bbox 2886 4829 3030 4888; baseline -0.021 1"><span class='ocrx_word' id='word_1_410' title='bbox 2886 4829 3030 4888; x_wconf 63' lang='lat' dir='ltr'><strong>En</strong></span> 
     </span>
    </p>
   </div>
  </div>
 </body>
</html>
