4652 5937
1309 508 1449 581 142
2100 488 2182 562 P.
2288 483 2811 560 HELVIVS

1304 674 1952 841 LIBERZL.I⁸X{⁷4C.
1987 773 2130 835 ΤΒ.
2164 770 2240 833 Ρ.
2286 768 2578 834 COS.11.
2623 771 2688 830 S.
2722 770 2793 832 C.

1301 881 1694 945 Liberalitas
1738 864 1938 939 stans.
2027 874 2163 936 ΑΕ.
2208 873 2288 933 ΙΙ.
2353 872 2554 952 (Mus.
2610 870 2829 935 Chri--

1307 979 1573 1056 atinae.)

1424 1076 1787 1152 Donativa,
1852 1089 1918 1138 et
1974 1072 2342 1158 congiaria,
2390 1094 2555 1156 quae
2600 1077 2793 1138 Com·

1294 1172 1533 1243 'modus
1560 1177 1993 1262 promiserat,
2041 1175 2316 1239 solvisse
2349 1175 2788 1250 Pertinacem,

1299 1278 1511 1341 refert
1579 1278 1986 1360 Capitolinus
2033 1277 2129 1356 ⁸),
2213 1290 2278 1339 at
2346 1276 2552 1359 magis
2620 1276 2791 1339 infra

1301 1380 1599 1453 definite,
1649 1378 2056 1461 congiarium
2093 1371 2358 1440 dedisse
2392 1380 2639 1460 populo
2678 1378 2791 1440 de-

1293 1482 1526 1544 ·narios
1563 1492 1898 1554 centenos,
1943 1478 2376 1562 praetorianis
2407 1479 2791 1560 promisisse

1301 1580 1604 1644 duodena
1663 1579 1871 1642 millia
1940 1602 2247 1657 numum,
2347 1578 2464 1641 sed
2529 1576 2792 1642 dedisse

1297 1702 1451 1745 sena
1484 1681 1570 1762 ¹²).

1870 1824 1909 1861 ¹*
2033 1780 2075 1819 a·

1383 1943 1388 1948 .
1588 1888 1671 1947 Vt
1713 1885 1806 1945 lit.
1848 1886 1934 1944 A.

1296 1986 1784 2049 LIBERA'I'IS.
1828 1983 2194 2051 CIVIBVS.
2243 1988 2478 2049 Mulier
2516 1994 2694 2046 stans
2725 1989 2788 2047 d.

1298 2099 1619 2161 tesseram,
1651 2089 2161 2163 s.cornucopiae.
2181 2090 2319 2150 AR.
2354 2091 2552 2171 (Mus.
2574 2087 2789 2167 Caes.)

1425 2187 1773 2271 Inscriptio
1820 2205 2024 2262 nova,
2091 2185 2208 2248 sed
2235 2208 2463 2250 sensus
2507 2207 2792 2271 pronus,

1276 2285 1549 2353 ‘cit‘ibus
1621 2285 1862 2350 abolita
1915 2287 2257 2349 Commodi
2314 2288 2657 2368 tyrannide
2715 2288 2793 2349 li-

1294 2388 1538 2452 bertati
1569 2409 1721 2450 suae
1770 2386 2108 2449 restitutis.
2172 2392 2257 2450 At
2300 2388 2636 2451 difficilius
2671 2401 2793 2462 est,

1297 2489 1703 2573 epigraphen
1737 2509 1884 2552 cum
1920 2502 2114 2571 typo,
2161 2488 2273 2572 qui
2320 2489 2519 2570 vulgo
2558 2486 2795 2550 libera-

1296 2587 1499 2650 litatis
1577 2601 1709 2662 est,
1795 2609 2215 2671 componere.
2325 2589 2609 2658 Videtur
2666 2587 2791 2650 hac

1298 2710 1528 2753 aversa
1581 2689 1859 2753 indicari
1915 2704 2162 2753 tantum
2212 2688 2577 2752 Pertinacis
2627 2688 2793 2749 libe-

1229 2874 1238 2880 ,
1294 2791 1552 2868 ralitas,
1648 2791 1731 2852 de
1795 2811 1919 2874 qua
1971 2793 2036 2854 in
2079 2812 2278 2853 numo
2325 2787 2790 2873 praecedente,

1296 2890 1417 2952 sed
1459 2909 1624 2973 qua'e
1680 2904 1856 2953 tanto
1912 2893 2160 2974 gratior
2217 2890 2465 2974 populo
2523 2889 2791 2964 exstitit,

1299 2992 1607 3075 quoniam
1647 3012 1778 3052 non
1812 2991 2088 3073 amplius
2136 2992 2384 3074 pressis
2427 2987 2792 3069 tyrannide,

1298 3091 1416 3154 sed
1459 3094 1751 3154 liberatis
1783 3092 2068 3175 denique
2104 3095 2353 3154 civibus
2386 3089 2603 3154 cessit.

2019 3191 2058 3231 ὅ

1359 3384 1364 3391 ,
1596 3298 1682 3358 12.
1854 3235 1944 3355 2..
2184 3233 2225 3273 ·

1301 3392 1608 3457 MENTI.
1638 3395 2200 3462 LAVDANDAE.
2246 3398 2485 3459 Mulier
2512 3406 2692 3458 stans
2722 3400 2785 3458 d.

2202 1825 2243 1865 fi

1305 3514 1638 3571 coronam,
1684 3518 1736 3560 s.
1772 3500 2043 3557 hastam.
2106 3499 2243 3558 AR.
2291 3500 2491 3575 (Mus.
2528 3498 2745 3578 Caes.)
2810 3526 2819 3533 «

1295 3608 1300 3617 ’
1422 3598 1527 3656 En
1567 3595 1966 3681 singularem
1995 3594 2285 3658 thesauri
2328 3598 2634 3660 Caesarei
2677 3619 2794 3660 nu·

1215 3690 1218 3695 ’
1298 3716 1518 3771 mum,
1581 3709 1774 3779 atque
1838 3695 1950 3757 diu
1985 3696 2128 3757 aliis
2176 3697 2422 3759 museis
2472 3698 2790 3781 ignotum,

1298 3796 1510 3857 altero
1549 3815 1762 3877 nuper
1816 3795 2176 3879 exemplari
2208 3816 2290 3859 ex
2330 3819 2561 3861 museo
2588 3801 2794 3864 d'En-

1296 3913 1464 3975 nery
1489 3893 1834 3977 producto.
1880 3897 2170 3958 Mentem
2191 3901 2441 3962 Romae
2479 3901 2785 3966 habuisse

1298 3995 1657 4078 templum,
1711 4009 1935 4060 votum
1980 3996 2482 4083 dedicatumque
2543 4002 2790 4064 Hanni·

1296 4095 1448 4157 bale
1484 4097 1816 4160 Romanos
1855 4112 2171 4182 urgente,
2216 4099 2668 4166 refertLivius
2701 4104 2784 4183 0),

1308 4194 1583 4280 ejusque
1661 4198 2024 4262 meminere
2111 4198 2306 4262 etiam
2367 4201 2782 4280 Plutarchus,

1305 4293 1426 4357 sed
1500 4293 1783 4359 dedicati
1840 4298 1921 4360 ab
1975 4299 2258 4365 Aemilio
2308 4300 2592 4381 Scauro,
2673 4305 2783 4389 qui

2913 485 3577 592 PERTINAX.

2912 671 3077 733 belli
3126 671 3440 736 Cimbrici
3488 659 3784 754 tempore
3821 670 4009 736 vixit·
4029 667 4096 752 ἃ)
4167 685 4291 734 tum
4322 686 4373 734 et

2913 774 3149 837 Cicero
3182 772 3262 853 θ),
3309 774 3378 836 S.
3396 773 3792 857 Augustinus
3834 774 3916 848 ¹).
3963 774 4380 858 Votaeiquot·

2911 874 3094 936 annis
3166 874 3429 956 publice
3500 873 3671 938 facta
3725 873 3930 938 tradit
3994 874 4268 940 Ovidius
4307 882 4376 949 s),

2912 989 2979 1036 et
3039 974 3303 1058 quidem
3362 974 3432 1035 in
3494 976 3818 1058 Capitolio
3872 979 3995 1044 Vl.
4078 974 4221 1036 idus
4265 977 4377 1038 tun.

2907 1075 3429 1158 conspirantibus
3464 1075 3878 1141 Kalendatiis
3910 1078 4290 1151 Venusino,
4326 1089 4381 1136 et

2905 1175 3346 1239 Maffeiorum.
3403 1181 3803 1241 Laudandus
3851 1177 4161 1259 elogium
4204 1177 4379 1238 Menti

2907 1275 3247 1339 additum
3229 1301 3297 1339 tn
3349 1278 3536 1340 nullo
3572 1293 4006 1341 monumento
4049 1292 4273 1341 vetere
4301 1297 4385 1340 re·

2903 1377 3155 1462 perias,
3214 1400 3581 1463 quanquam
3641 1378 3964 1460 dijudices
4015 1379 4220 1443 facile
4268 1399 4384 1441 sen·

2911 1499 3053 1542 sum
3108 1502 3146 1542 a
3178 1479 3525 1542 Pertinace
3570 1479 4025 1556 intellectum,
4095 1480 4210 1563 qui
4262 1501 4383 1542 cum

2910 1580 3127 1643 omnia
3159 1579 3241 1642 ad
3264 1580 3535 1643 rationis
3579 1580 3765 1664 leges
3811 1582 4157 1665 exigeret,
4203 1593 4386 1641 osten·

2909 1681 3007 1743 dit
3064 1680 3194 1746 hoc
3248 1701 3369 1744 suo
3431 1682 3772 1758 instituto,
3834 1682 4185 1746 diversum
4242 1701 4305 1743 se
4355 1702 4385 1743 a

2911 1783 3273 1845 Commodo
3312 1784 3594 1857 sentire,
3629 1783 3812 1867 cujus
3850 1785 4075 1846 omnis
4110 1785 4237 1847 vita
4264 1803 4385 1866 per·

2906 1893 3176 1965 potuum
3224 1882 3349 1945 fuit
3408 1889 3733 1947 amentiae
3779 1898 4281 1969 argumentum,
4333 1898 4387 1946 et

2908 2004 3038 2067 quo
3071 1983 3432 2068 imperante
3464 1984 3672 2048 Menti
3702 2006 3934 2050 revera
3981 1986 4285 2049 evenisse
4312 1985 4384 2046 vi-

2908 2104 3089 2161 sum,
3149 2085 3326 2169 quod
3369 2083 3450 2145 de
3484 2082 3639 2147 ficto
3675 2087 4016 2170 Cupidinis
4076 2085 4384 2168 triumpho

2908 2185 3081 2247 canit
3126 2185 3403 2250 Ovidius
3436 2181 3539 2266 ¹¹):

2997 2392 3176 2450 Mens
3203 2392 3372 2450 bona
3411 2392 3674 2452 ducetur
3721 2393 4021 2452 manibus
4044 2401 4202 2472 poet
4230 2401 4383 2468 teo-qa

3840 2495 4122 2565 retortis,

3081 2592 3166 2651 Et
3183 2593 3394 2668 pudor
3408 2636 3426 2669 ‚
3471 2602 3537 2655 et
3553 2595 3786 2655 castris
3812 2595 4089 2674 qni‘dqm
4088 2595 4378 2655 dAmort‘s

3831 2696 4033 2757 obest.

2912 2893 3031 2957 Cui
3069 2892 3234 2957 adde
3269 2892 3437 2999 illud
3469 2894 3800 2977 Propertii
3836 2891 3925 2977 i)=

2990 3100 3172 3161 Mem
3210 3099 3406 3174 bona,
3469 3103 3530 3161 ss·
3571 3105 3854 3185 quadea
3884 3121 3987 3177 es,
4049 3114 4171 3165 tna
4198 3120 4292 3163 me
4319 3102 4378 3160 ia

3828 3207 4129 3266 sacraria
4144 3207 4321 3266 dona.

2900 3403 3144 3478 Recte,
3203 3401 3549 3485 Properti!
3614 3402 3936 3488 siquidem
3996 3426 4229 3471 verum
4271 3414 4374 3475 est,

2907 3500 3084 3584 quod
3111 3502 3409 3585 pluribus
3438 3504 3604 3566 locis
3635 3504 3931 3568 adfirmat
3977 3509 4219 3572 Cicero·
4254 3503 4376 3590 phi·

2906 3601 3258 3685 losophus‚
3328 3623 3473 3667 esse
3522 3621 3810 3669 mentem
3851 3608 4223 3693 principem
4263 3603 4376 3668 ani·

2907 3722 3051 3763 mae
3096 3717 3385 3785 partem,
3460 3706 3757 3792 nihilque
3820 3724 4041 3772 mente
4108 3707 4372 3774 divinius

2904 3803 3489 3889 praestabiliusque
3579 3807 3830 3869 homini
3882 3811 4019 3875 sive
4076 3827 4371 3881 naturam,

2903 3903 3039 3966 sive
3075 3923 3269 3985 quem
3308 3903 3503 3968 deum
3527 3907 3809 3976 dedisse.
3853 3909 4373 3993 Laudandaeepi·

2903 4002 3132 4068 theton
3163 4006 3394 4069 Cereri
3426 4006 3610 4071 dedit
3639 4009 3941 4075 Tibullus
3971 4009 4078 4093 ηε

2985 4210 3134 4270 Non
3152 4228 3267 4289 eya
3283 4215 3527 4273 tentavi
3539 4216 3707 4276 nulli
3724 4220 4092 4305 temeranda
4110 4220 4370 4281 virorum

3080 4314 3324 4373 Audax
3358 4310 3727 4376 laudandae
3744 4336 3936 4379 sacra
3963 4322 4189 4382 docere
4218 4323 4370 4381 deae·

1292 4441 4361 4483 —————-—-—-—-.—-——-———-,„

1410 4528 1473 4599 ο)
1507 4525 1656 4602 Cap.
1685 4541 1738 4592 7.

1296 4630 1373 4668 ¹¹1·
1404 4623 1536 4677 318

1301 4699 1431 4759 Lib.
1451 4702 1554 4767 VI.
1575 4710 1698 4766 241

1900 4528 1967 4597 b)
2008 4530 2159 4609 Cap.
2193 4543 2279 4595 15.

1811 4705 1882 4779 Ιι)
1919 4710 2117 4771 Amor.
2138 4712 2199 4770 L.
2217 4712 2261 4772 Ι.
2300 4711 2445 4791 eleg.
2472 4713 2546 4777 Π.
2579 4736 2632 4777 v.
2648 4722 2744 4779 31.

2452 4538 2512 4610 c)
2551 4536 2622 4596 L.
2655 4536 2843 4595 XXII.
2881 4553 2971 4600 ιο.
3011 4554 3105 4601 ιι.
3137 4553 3195 4600 et
3223 4543 3443 4602 xxm.
3476 4559 3567 4612 31.

1639 4616 1699 4687 e)
1751 4612 1825 4672 de
1855 4614 1990 4676 Nat.
2027 4617 2188 4679 deor.
2229 4622 2293 4680 L.
2322 4621 2400 4685 11.
2428 4635 2518 4688 23.
2560 4627 2711 4684 etL.
2739 4626 2839 4687 111.
2883 4629 2971 4693 36.
3095 4631 3150 4706 Ι)
3192 4632 3266 4689 de
3301 4634 3428 4694 civ.
3465 4632 3561 4692 dei
3599 4636 3665 4696 L.
3698 4637 3801 4699 lv.
3832 4658 3880 4697 c.
3917 4650 4009 4701 21.

3716 4547 3789 4620 d)
3828 4549 3901 4606 de
3929 4552 4087 4609 Fort.
4121 4550 4285 4609 Rom
4316 4565 4368 4623 p.

4134 4644 4199 4719 g)
4235 4641 4370 4700 Fast.

2865 4717 2913 4792 i)
2954 4718 3021 4779 L.
3040 4718 3139 4779 111.
3159 4722 3302 4801 eleg.
3320 4731 3486 4786 vav.
3509 4739 3592 4798 19.
3704 4727 3854 4801 k)1..
3874 4729 3975 4790 111.
3995 4729 4139 4808 eleg.
4162 4733 4233 4796 V.
4265 4736 4366 4790 vm?

3094 4884 3126 4892 *-
