4652 5937
1451 343 1480 392 ι’

1496 461 2189 540 COMMODVS.

235 673 521 740 VERI.
564 671 703 733 P11.
743 652 1507 740 PERTINACIS.AVG.
1539 650 1598 731 ⁸)
1645 649 1801 713 alia-

245 795 400 861 que
458 771 711 836 similis
759 763 1128 851 argumenti
1157 759 1247 844 l²).
1325 762 1488 821 Item
1526 755 1592 815 in
1626 754 1796 815 Con·-

249 872 751 937 stitutionibus
782 863 1169 932 Alexandri:
1214 864 1371 924 Diva·
1404 864 1694 931 Marem,
1736 864 1800 915 et

256 979 680 1041 Commodus
710 973 791 1055 c).
853 973 1104 1046 Tamen
1146 965 1315 1029 hanc
1365 957 1647 1021 hominis
1679 955 1800 1016 im-

258 1079 434 1164 puri
490 1071 1066 1140 consecrationem
1105 1089 1142 1129 a
1180 1063 1403 1127 multis
1442 1059 1646 1123 fuisse
1685 1061 1803 1121 im·

261 1179 670 1266 probatam,
717 1186 824 1238 aut
855 1184 1036 1235 certe
1072 1167 1440 1251 neglectam
1464 1208 1481 1240 ,
1528 1182 1612 1226 ex
1640 1162 1800 1246 ipsis

265 1295 610 1346 veterum
671 1271 1110 1338 monumentis
1170 1266 1626 1357 perspicimus.
1725 1263 1803 1323 In

268 1380 718 1445 Kalendario
780 1371 1082 1456 Dionysii
1126 1359 1490 1444 Philocali,
1563 1365 1631 1427 in
1670 1383 1801 1446 quo

272 1503 534 1547 omnes
589 1481 890 1543 divorum
919 1475 1367 1559 Augustorum
1405 1466 1654 1530 natales
1699 1484 1805 1527 ce-

271 1584 695 1658 lebrantur,
740 1574 1085 1643 Commodi
1120 1569 1435 1633 memoria
1464 1567 1803 1631 reticetur.

280 1685 663 1762 omittitur
700 1681 897 1744 etiam
943 1678 1009 1737 in
1043 1673 1261 1736 indice
1313 1682 1541 1734 vetere
1576 1668 1807 1729 Caesa-

275 1808 442 1851 rum
491 1794 1078 1852 consecratorum,
1143 1793 1339 1859 quem
1390 1794 1425 1833 a
1467 1766 1804 1831 Peirescio

279 1901 655 1974 repertum
701 1896 851 1968 post
879 1877 1224 1963 Aegidium
1257 1871 1663 1935 Eucherium
1698 1868 1810 1935 ad·

288 1989 606 2056 curatius
647 1985 852 2049 edidit
886 1983 969 2046 cl.
1007 1976 1323 2041 Marinius
1355 1971 1418 2054 d)
1444 2018 1462 2050 ,
1505 1974 1609 2035 his
1643 1973 1808 2035 adeo

291 2087 698 2155 auctoribus
746 2084 949 2170 magis
997 2083 1450 2163 incorruptum
1493 2097 1679 2139 suum
1713 2072 1812 2157 ju·

297 2192 607 2267 dicium,
668 2208 861 2274 quam
907 2199 1166 2248 senatus
1219 2180 1670 2245 auctoritatem
1714 2198 1812 2239 sc-

298 2294 511 2369 cutis,
598 2290 781 2377 quod
828 2309 908 2351 co
959 2279 1154 2349 etiam
1193 2279 1634 2347 'confirmatur
1682 2301 1813 2341 ma·-

309 2395 453 2480 gis,
519 2393 708 2478 quod
756 2391 958 2455 iidem
991 2385 1337 2449 infaustam
1392 2387 1652 2467 quoq'ue
1708 2380 1810 2443 Ti.

308 2494 621 2571 Claudii,
687 2507 756 2556 et
808 2490 1182 2557 caracallae
1249 2479 1813 2549 consecrationem

312 2599 681 2661 reticuere.

605 2803 807 2863 Numa·
836 2798 1167 2862 commatis
1188 2797 1540 2877 pereyrim‘.

619 2990 878 3049 Vrbium
903 2988 1265 3045 liberarum.

349 3109 354 3112 ’
447 3090 709 3150 Harum
772 3085 953 3148 numi
1015 3081 1286 3166 copiosi.
1361 3082 1660 3142 Incertae
1713 3099 1821 3161 pa·

326 3192 490 3254 triae
526 3188 743 3254 videri
787 3185 1038 3271 possint
1083 3182 1263 3243 numi
1298 3181 1485 3242 aenei
1518 3183 1628 3247 lv.
1690 3180 1824 3242 sor-

327 3313 510 3369 mae,
593 3291 665 3350 in
720 3308 996 3372 quorum
1047 3306 1173 3346 una
1223 3282 1394 3346 facie
1446 3294 1546 3343 est
1609 3294 1821 3362 caput,

332 3409 396 3457 et
413 3389 777 3477 epigraphe
797 3386 1159 3461 Commodi,
1197 3384 1263 3445 in
1282 3386 1488 3447 altera
1510 3402 1525 3444 ε
1547 3374 1821 3441 ΤΠΕΡ.

336 3490 652 3557 NlKHC.
683 3483 1180 3550 PmMAlmN
1201 3531 1217 3560 ,
1256 3499 1322 3548 et
1352 3498 1578 3568 typus:
1627 3487 1829 3562 Caput

336 3601 641 3667 muliebre
685 3594 965 3657 velatum
1013 3594 1331 3652 turritum.
1409 3586 1512 3647 De
1544 3582 1648 3644 his
1694 3581 1823 3666 jam

338 3696 548 3781 aliqua
569 3693 879 3779 praecepi
912 3692 976 3752 in
1017 3690 1231 3751 numis
1268 3685 1606 3753 commatis
1640 3703 1828 3768 pere-

340 3797 509 3881 grini
557 3801 650 3860 Μ.
679 3794 970 3869 Aurelii,
1029 3815 1175 3856 cum
1218 3791 1301 3854 de
1347 3789 1563 3852 numis
1599 3803 1819 3868 argen-

340 3899 462 3962 teis
521 3897 826 3962 similiter
858 3895 1190 3978 inscriptis
1228 3912 1515 3978 agerem.
1584 3885 1831 3954 Verisi-

344 4000 564 4061 milem
617 4018 843 4061 eorum
876 3998 1152 4082 patriam
1198 4015 1344 4059 esse
1381 3992 1659 4058 Carrhas
1690 3992 1831 4077 Me·

350 4102 779 4186 sopotamiae,
825 4099 977 4164 alibi
1013 4098 1148 4161 dixi
1180 4099 1258 4178 0).

470 4207 546 4266 In
601 4223 801 4265 numo
852 4201 1162 4263 Tarsensi
1204 4223 1373 4264 max.
1418 4198 1594 4261 mod.
1643 4193 1834 4257 Com·

350 4308 579 4372 modus
619 4327 752 4368 non
779 4306 1069 4367 lauream
1093 4348 1110 4379 ,
1170 4302 1285 4365 sed
1319 4301 1618 4366 diadema
1647 4296 1832 4384 prael·

354 4409 500 4474 fert.
563 4411 764 4493 (Mus.
797 4406 1032 4471 Albani
1068 4405 1199 4471 tab.
1234 4405 1372 4487 44.)

3255 473 3393 537 133

1949 733 1952 736 ,
2468 685 2504 723 ι
2632 640 2671 679 *
2798 683 2836 721 ι

1918 746 2342 808 Coloniarum.

1925 863 1930 866 ,
2038 847 2288 906 Harum
2315 862 2578 930 quoquc
2624 855 2883 908 moneta
2914 840 3216 906 abundat.

1914 947 2318 1010 Antioclwm‘.

2040 1043 2179 1107 Sub
2217 1041 2583 1108 Commodo
2634 1043 2984 1123 rarissimi,
3050 1057 3121 1108 ut
3155 1043 3400 1110 dictum

1916 1148 1981 1210 in
2015 1147 2158 1230 ejus
2194 1144 2377 1206 urbis
2412 1158 2700 1208 moneta.

1915 1249 2372 1312 Alexandrini.

2043 1338 2283 1430 Magno
2317 1345 2386 1405 hi
2418 1357 2568 1405 sunt
2600 1363 2898 1432 numero.
2947 1345 3167 1407 Annos
3202 1348 3406 1431 impe·

1916 1450 2002 1513 rii
2032 1453 2122 1511 M.
2156 1446 2408 1509 Aurelii
2461 1444 2580 1530 sub
2625 1442 2765 1505 filio
2817 1445 3020 1507 fuisse
3076 1450 3407 1514 continua-

1920 1564 2054 1626 tos,
2100 1547 2380 1609 diximus
2413 1546 2479 1606 in
2515 1545 2617 1608 his
2653 1547 2803 1613 Vol.
2841 1549 2950 1615 IV.
2998 1568 3145 1632 pag.
3190 1572 3295 1631 77.

1920 1793 2016 1850 De
2049 1790 2320 1867 raritate
2348 1804 2683 1848 numerum
2716 1805 3052 1849 aureorum
3074 1792 3411 1850 memodi.

2052 1954 2213 2015 Cum
2263 1949 2541 2013 aliorum
2580 1945 3048 2030 imperatorum
3090 1952 3269 2013 numi
3306 1975 3416 2016 au·

1925 2054 2026 2117 rei
2053 2053 2226 2136 justo
2255 2070 2534 2112 numero
2570 2049 2936 2132 supersint,
2984 2053 3222 2115 mirum
3262 2075 3417 2137 Pro..

1925 2156 2139 2229 fecto,
2201 2172 2387 2214 raros
2436 2148 2601 2211 adeo
2638 2169 2782 2211 esse
2820 2151 3166 2214 Commodi
3194 2152 3259 2212 in
3286 2153 3415 2216 hoc

1925 2255 2197 2320 metallo
2248 2271 2520 2325 numos,
2580 2264 2649 2311 ut
2700 2249 2957 2312 facilius
3014 2267 3277 2315 centum
3327 2255 3421 2316 al·

1928 2359 2133 2423 terius
2175 2352 2481 2438 Augusti,
2560 2372 2753 2436 quam
2806 2373 3009 2414 unum
3066 2353 3259 2437 hujus
3313 2377 3420 2419 re-

1926 2461 2182 2547 perias,
2230 2474 2377 2521 eum
2428 2466 2646 2514 tamen
2683 2453 3019 2515 metallum
3071 2454 3247 2516 istud
3288 2454 3418 2519 hoe

1928 2545 2293 2646 imperant'e
2328 2558 2533 2643 magis
2552 2557 2880 2619 abundare
2899 2555 3215 2616 debuerat
3244 2600 3261 2630 ‚
3308 2557 3422 2640 qui

1929 2678 2210 2747 tempus,
2256 2680 2387 2744 quo
2404 2658 2693 2720 summae
2724 2659 2825 2719 rei
2858 2656 3160 2740 praefuit,
3207 2678 3424 2719 saecu·

1930 2772 2065 2830 lum
2098 2750 2362 2827 aureicm
2395 2759 2618 2823 vocari
2652 2759 3026 2841 praecepit,
3071 2770 3143 2819 ut
3189 2755 3271 2819 ad
3314 2779 3425 2819 an-

1932 2888 2092 2929 num
2119 2866 2201 2933 V.
2243 2865 2315 2927 C.
2354 2860 2481 2943 938
2525 2858 2888 2923 docuimus.
2981 2860 3230 2934 Erunt,
3309 2857 3423 2943 qui

1935 2970 2076 3053 ejus
2125 2986 2383 3030 causam
2438 2964 2503 3024 in
2557 2976 2969 3046 exportatum
3016 2959 3265 3043 majore
3313 2980 3423 3024 co·
3466 2981 3478 2991 ·

1935 3074 2042 3158 pia
2083 3088 2312 3133 aurum
2372 3067 2594 3127 volent
2627 3062 2883 3125 referre
2907 3107 2923 3137 ‚
2970 3084 3098 3146 quo
3135 3061 3425 3123 desidiae

1937 3175 2079 3257 ipse
2127 3189 2347 3233 amans
2369 3185 2599 3250 pacem
2650 3186 2687 3226 a
2717 3163 3011 3226 barbaris
3045 3163 3425 3239 redimeret,

1940 3270 2117 3358 quod
2164 3268 2243 3331 ab
2293 3286 2376 3328 eo
2412 3264 2773 3328 factitatum
2825 3279 3054 3327 auctor
3085 3278 3188 3327 est
3216 3268 3432 3327 Hero-

1940 3374 2190 3436 dianus.
2280 3370 2549 3430 Constat
2594 3364 2824 3455 etiam,
2882 3363 3010 3429 hoc
3065 3366 3430 3448 imperante

1936 3495 2206 3547 aurum,
2284 3470 2463 3553 quod
2509 3470 2714 3532 multo
2778 3468 3002 3529 utilius
3053 3467 3268 3527 maleo
3314 3466 3425 3527 de·-

1944 3575 2307 3638 stinandum
2324 3574 2537 3635 fuerat
2561 3617 2577 3649 ,
2625 3571 2831 3633 multo
2866 3589 3058 3654 quam
3081 3580 3266 3628 antea
3298 3566 3432 3629 fre-

1944 3678 2245 3765 quentius
2282 3676 2353 3738 in
2402 3676 2595 3738 luxus
2636 3670 2843 3754 inepti
2891 3670 3193 3733 alimenta
3228 3667 3430 3729 fuisse

1945 3779 2332 3844 derivatum.
2392 3781 2800 3862 Argumento
2826 3785 2983 3837 esto,
3003 3783 3207 3833 statua
3234 3788 3432 3830 aurea

1944 3884 2259 3945 librarum
2315 3878 2498 3941 mille
2572 3898 2718 3940 cum
2783 3888 3009 3950 tauro,
3085 3882 3152 3933 et
3211 3888 3435 3943 vacca,

1946 4005 2139 4069 quam
2176 3979 2538 4045 Commodo
2589 3977 2791 4039 fuisse
2846 3974 3162 4058 positam,
3220 3966 3435 4030 refert

1944 4085 2075 4148 Dio
2099 4130 2116 4162 ‚
2163 4082 2273 4167 qui
2307 4093 2538 4144 cuncta
2571 4077 2734 4140 haec
2770 4074 3055 4159 stuporis
3091 4086 3436 4154 argumen-

1947 4204 2010 4251 ta
2045 4206 2264 4250 coram
2314 4182 2455 4266 ipse
2506 4180 2670 4246 vidit
2716 4175 2788 4259 ί).
2862 4177 3136 4237 Ancum
3182 4171 3249 4232 in
3290 4168 3432 4253 ejus

1949 4286 2242 4354 defuncti
2292 4281 2678 4361 memoriam
2726 4277 2822 4339 ira
2865 4271 3264 4359 implacabili
3297 4289 3436 4333 sae-

1946 4396 2120 4463 viret
2156 4403 2440 4460 senatus,
2485 4394 2794 4447 censente
2825 4377 2997 4440 inter
3016 4375 3179 4440 alios
3199 4372 3433 4457 Cingio

370 4514 3444 4568 *Μ

461 4626 521 4698 a)
557 4627 699 4703 Pag.
729 4626 854 4689 261.
893 4633 945 4687 5.

363 4732 474 4773 arv.
509 4735 571 4793 p.
609 4723 737 4781 387.

1103 4623 1176 4696 h)
1213 4621 1353 4696 Pag.
1386 4626 1511 4681 187.
1549 4625 1608 4681 ὅ.
1646 4625 1723 4673 ct.
1764 4625 1889 4686 191.
1929 4620 1982 4673 5.
2031 4582 2034 4587 Ι
2108 4609 2167 4681 c)
2208 4602 2362 4665 Cod.
2400 4601 2467 4662 L.
2501 4599 2604 4662 IV.
2641 4593 2727 4652 tit.
2766 4605 2854 4659 5?-
2895 4590 3010 4651 bis·

883 4717 943 4787 e)
979 4711 1115 4773 vol.
1147 4710 1251 4775 IV.
1287 4716 1509 4788 pr508·
1613 4780 1620 4785 .
1655 4705 1707 4776 s)
1744 4702 1806 4760 L.
1846 4698 2079 4758 LXXII.
2120 4696 2167 4770 §.
2207 4706 2294 4759 15.

3172 4584 3241 4660 d)
3258 4586 3325 4669 ‚F
3328 4597 3432 4643 rat.
