4652 5937
1437 374 2289 457 AEMILIANVS..

280 569 569 632 neoz'P.
625 569 715 629 M.
771 566 915 626 TR.
976 564 1053 644 P.
1116 560 1305 625 GOS.
1365 561 1536 625 Eum
1581 562 1767 626 dedit

275 667 747 734 mediobarbus
805 685 888 727 ex
946 680 1176 724 museo
1222 661 1613 746 Theupolis
1647 662 1767 726 sed

278 775 351 835 iu
396 769 579 852 eujus
635 767 936 848 catalogo
993 763 1165 846 typis
1220 764 1495 845 vulgato
1532 762 1588 823 is
1632 783 1766 825 non

276 871 632 956 reperitur.
674 871 748 929 In
792 866 921 929 alio
963 860 1137 947 apud
1171 864 1637 945 Angeuonium
1673 866 1768 926 10-

278 971 621 1057 gitur20‘P.
664 972 754 1030 M.
803 970 942 1028 TR.
986 968 1062 1028 P.
1106 964 1284 1026 IMP.
1330 962 1520 1028 cOS.
1565 966 1646 1032 11.
1689 968 1770 1029 Ρ.

273 1074 350 1136 Ρ.
383 1074 444 1154 ·)
489 1070 626 1134 Sed
657 1080 1000 1151 suspectus
1031 1077 1130 1128 est
1162 1064 1272 1127 hie
1301 1085 1540 1129 numus
1572 1085 1771 1150 prop·

228 1255 237 1258 Δ
277 1186 386 1236 ter
426 1174 746 1234 insertum
791 1169 1006 1231 alieno
1041 1167 1192 1240 loco
1228 1165 1439 1242 IMP„
1486 1166 1600 1250 qui
1631 1189 1771 1229 mo·

282 1273 405 1337 dus
446 1270 642 1355 hujus
688 1268 916 1331 aetatis
960 1275 1090 1329 non
1136 1281 1256 1330 est.
1343 1269 1592 1329 Tamen
1637 1281 1769 1329 ter·

280 1373 444 1439 tium
504 1390 780 1436 aeneum
826 1371 876 1430 1.
921 1368 1176 1431 formae
1208 1366 1395 1429 ·vi‹1it
1453 1367 1766 1429 Taninius

276 1492 428 1537 eum
474 1472 871 1556 epigraphez
915 1473 989 1531 P.
1035 1473 1125 1533 M.
1167 1471 1306 1529 ΤΒ.
1343 1470 1415 1528 Ρ.
1460 1469 1649 1532 COS.
1685 1470 1766 1531 11.

275 1578 353 1640 P.
373 1578 449 1640 Ρ.
469 1572 904 1637 Aemilianum
924 1569 1263 1634 consulem
1292 1557 1573 1631 reticent
1592 1569 1767 1634 fasti.

400 1674 601 1739 Numi
640 1673 1016 1754 complures
1052 1669 1467 1731 tribuniciam
1502 1689 1766 1754 quoque

275 1788 669 1863 potestatem
709 1784 1109 1845 memorant,
1172 1782 1239 1830 et
1282 1773 1580 1852 argentei
1628 1773 1769 1854 qui-

278 1877 428 1940 dem
465 1875 590 1937 sic:
636 1876 714 1935 Ρ.
753 1877 848 1936 Μ.
879 1876 1017 1933 TR.
1051 1874 1128 1933 P.
1157 1870 1207 1929 1.
1233 1871 1311 1928 P.
1342 1871 1419 1933 P.
1451 1884 1515 1932 at
1544 1872 1767 1933 aenei=

276 1980 361 2042 P.
399 1981 490 2039 M.
537 1978 677 2036 ΤΒ.
721 1973 927 2037 ΡΟΤ.
966 1975 1044 2033 Ρ.
1085 1974 1165 2034 Ρ.
1208 1969 1276 2029 S.
1324 1970 1439 2043 C.,
1486 1991 1766 2053 quorum

275 2079 382 2140 illi
440 2076 688 2159 absque
747 2071 949 2135 dubio
1010 2084 1196 2154 extra
1254 2068 1488 2154 urbem
1534 2070 1770 2151 signati

279 2192 469 2255 sunt,
529 2196 678 2237 nam
737 2173 806 2233 in
864 2193 1095 2234 aurum
1154 2182 1224 2232 et
1280 2184 1623 2252 argentum
1665 2169 1770 2251 jus

274 2278 406 2341 fuit
475 2270 1022 2358 imperatoribus,
1091 2291 1225 2354 quo
1290 2282 1475 2332 extra
1535 2268 1768 2330 urbem

278 2398 437 2444 usos
474 2375 669 2438 etiam
705 2371 911 2433 fuisse
944 2370 1449 2453 Vespasianum,
1488 2372 1771 2433 Pescen·

277 2478 459 2550 nium
482 2519 500 2552 ,
545 2473 854 2536 Albinum
892 2473 1257 2554 Augustum
1282 2513 1300 2545 ,
1344 2469 1640 2554 aliosque
1677 2471 1776 2533 lo·

279 2579 376 2643 cis
402 2578 537 2639 suis
572 2574 873 2636 diximus.
913 2572 1098 2654 Opus
1127 2570 1535 2655 provinciale
1557 2571 1775 2657 arguit

279 2680 478 2745 etiam
514 2672 846 2740 scribendi
880 2670 1116 2734 modus
1152 2674 1290 2732 TR.
1336 2673 1408 2730 Ρ.
1456 2671 1540 2746 1.,
1585 2672 1771 2752 cujus

278 2782 349 2844 in
381 2789 645 2841 moneta
674 2778 926 2837 Romae
963 2772 1212 2857 signata
1248 2770 1624 2855 exemplum
1660 2770 1773 2836 vix

276 2879 619 2945 habemus.
701 2878 776 2937 In
834 2871 1164 2956 argenteis
1217 2870 1483 2955 quidem
1536 2874 1773 2936 Severi

274 2983 527 3068 legitur
558 2980 716 3041 item
748 2976 938 3041 COS.
972 2980 1024 3036 1.
1059 2977 1235 3036 IMP.
1268 2976 1354 3051 1.,
1401 2976 1520 3038 sed
1554 2976 1769 3039 ethos

282 3071 539 3146 constat
580 3078 806 3141 mallei
846 3096 994 3140 esse
1036 3075 1376 3160 peregrini
1414 3095 1604 3157 opus.
1646 3079 1773 3140 Ae-

281 3183 395 3247 nei
456 3193 642 3243 certe
698 3181 979 3241 Romam
1034 3176 1312 3259 patriam
1366 3175 1637 3256 jactant.
1685 3175 1771 3239 ob

190 3350 195 3357 J
282 3281 574 3346 additum
612 3280 680 3340 S.
715 3280 822 3353 C.,
868 3290 1147 3360 suntque
1180 3274 1355 3337 haud
1390 3273 1589 3336 dubie
1622 3277 1774 3338 anni

178 3362 187 3373 .
281 3385 371 3451 V.
403 3384 476 3443 C.
516 3398 713 3460 1007,
758 3390 827 3440 et
870 3376 1140 3462 signati,
1184 3396 1268 3439 ex
1303 3396 1436 3458 quo
1465 3375 1775 3439 Aemilia·

279 3505 406 3547 nus
466 3501 660 3548 caeso
714 3479 909 3545 Gallo
967 3492 1263 3542 senatum
1320 3477 1389 3541 in
1444 3489 1773 3561 potestate

282 3584 534 3650 babuit.
1091 3580 1106 3597 “

3221 403 3368 469 373

2141 565 2345 629 Numa·
2381 566 2713 632 commatis
2746 571 3095 648 pereqrim'.

2006 764 2108 826 Ex
2125 768 2388 829 urbibus
2405 770 2624 829 liberis
2639 768 2822 832 solae
2841 773 3056 854 Aegae
3077 771 3367 849 Ciliciae,

1880 847 2059 939 quod
2108 865 2322 932 adhue
2359 867 2686 945 norimus,
2729 872 3096 935 Aemiliano
3146 894 3371 937 mone·

1882 971 2014 1024 tam
2047 963 2537 1029 dedicaverunt.
2582 970 2745 1051 Ejus
2771 971 2961 1035 binos
2990 971 3169 1034 dedit
3198 975 3374 1039 Vail-
3405 1013 3416 1024 ο

1880 1063 2143 1140 lautius,
2182 1066 2267 1128 de
2298 1069 2534 1151 quibus
2559 1085 2792 1154 agetur
2818 1093 2971 1135 mox
3001 1073 3067 1132 in
3100 1072 3372 1155 Supera.

2016 1167 2422 1229 Coloniarum
2471 1191 2707 1232 numos
2755 1172 3072 1235 habemus
3109 1174 3374 1255 provin-

1884 1263 2025 1327 ciae
2076 1266 2361 1345 Daciae,
2423 1282 2492 1330 et
2544 1271 2932 1355 Viminacii,
2993 1273 3105 1356 qui
3158 1275 3372 1336 minus

1880 1366 2055 1442 rari,
2117 1368 2231 1428 Dii
2267 1368 2726 1445 Macedoniae,
2790 1371 3162 1451 (Pollex-iu)
3195 1374 3374 1435 Parii

1882 1470 2168 1549 Mysiae,
2233 1467 2491 1549 (Maffei
2538 1470 2754 1566 Antiq.
2808 1471 2980 1535 Gall.
3026 1473 3373 1554 Penuria.)

1880 1570 2208 1632 Damasci.
2254 1569 2630 1649 (Banduri.)
2867 1575 2880 1588 '

2008 1673 2448 1734 Alexandrini
2471 1668 2818 1754 insigniter
2848 1674 3003 1735 rari.
3039 1675 3257 1742 Vnum
3290 1674 3382 1739 ei-

1881 1782 1975 1831 tat
2024 1770 2377 1854 Arigonius
2421 1769 2806 1854 inscriptum
2844 1776 2923 1838 L.
2957 1776 3038 1838 A.
3071 1775 3377 1850 Alterum

1883 1869 2293 1943 Bandurius,
2360 1869 2480 1931 sed
2536 1892 2570 1932 a
2634 1889 2704 1932 se
2748 1894 2880 1934 non
2926 1889 3376 1958 conspectum,

1886 1991 1968 2033 ex
2016 1971 2278 2032 schedis
2322 1969 2663 2034 Vaillantii
2700 1991 2848 2032 cum
2896 1975 3258 2057 epigraphe
3296 1981 3380 2042 L.

1883 2073 1960 2132 B.
1992 2064 2079 2148 b).
2123 2070 2229 2166 De
2281 2068 2426 2150 ejus
2459 2067 2594 2130 fide
2641 2070 3017 2134 subdubitat
3063 2073 3246 2157 ipse,
3286 2088 3385 2137 ta·

1885 2189 2038 2232 men
2101 2182 2168 2230 et
2196 2168 2395 2230 ‘alius
2455 2169 2687 2230 similis
2733 2190 2880 2232 cum
2926 2172 3163 2236 eodem
3208 2196 3379 2240 anno

1822 2277 1855 2306 ³
1885 2263 2101 2331 editus
2145 2282 2244 2330 est
2289 2292 2324 2330 a
2360 2267 2669 2354 Philippo
2707 2269 2797 2332 do
2827 2274 3103 2339 Venutis
3136 2277 3220 2355 c),
3267 2278 3385 2339 ali-

1886 2392 1964 2432 us
1997 2393 2033 2432 a
2066 2369 2148 2431 ol.
2183 2373 2404 2452 Zoega
2448 2390 2530 2431 ex
2562 2390 2790 2435 museo
2815 2374 2996 2454 regis
3031 2376 3205 2440 Gall.
3234 2376 3382 2440 Dif-

1887 2468 2066 2534 ficile
2128 2483 2263 2545 est,
2311 2490 2550 2544 anuum
2594 2473 2649 2533 A
2694 2493 2842 2535 oum
2887 2473 3162 2538 historia
3206 2498 3384 2541 com-

1853 2585 2173 2653 .·ponere;
2230 2591 2380 2631 nam
2443 2591 2573 2655 quo
2627 2586 2930 2656 tempore
2989 2575 3057 2637 in
3100 2577 3384 2641 Alexan·

1888 2670 2228 2732 drinorum
2260 2672 2518 2733 calculo
2552 2670 2904 2762 Aemiliani
2937 2694 3141 2738 annus
3174 2682 3225 2743 1.
3261 2677 3383 2742 ssu-

1888 2772 2016 2848 xit,
2074 2771 2387 2854 Aegyptii
2441 2771 2655 2833 adhuc
2711 2772 3072 2838 adhaesere
3131 2778 3386 2844 Trebo·
3439 2757 3444 2760 .

1881 2872 2114 2948 niano,
2155 2871 2330 2958 quod
2366 2870 2607 2934 docent
2641 2872 2834 2956 hujus
2866 2876 3050 2938 numi
3081 2875 3385 2964 inseripti

1884 2975 1962 3037 1..
1999 2967 2059 3032 Γ
2062 3016 2117 3049 .,
2162 2992 2331 3059 quae
2377 2995 2571 3037 causa
2616 2987 2756 3050 est,
2804 2995 2923 3037 cur
2965 2976 3191 3043 lubeat
3233 3000 3384 3043 auo·

1884 3074 2136 3137 toritati
2177 3073 2514 3157 Arigonii,
2573 3075 2686 3160 qui
2729 3096 2898 3137 unus
2942 3078 3136 3161 hujus
3180 3100 3383 3165 geue·

1884 3174 1978 3235 ris
2034 3190 2306 3235 numum
2361 3173 2687 3258 vulgavit,
2752 3173 3087 3245 diffidere.
3148 3183 3383 3266 Neque

1885 3275 2037 3358 plus
2067 3272 2224 3335 fidei
2248 3271 2512 3337 videtur
2532 3275 2908 3356 promereri
2925 3296 3160 3342 numus
3183 3280 3381 3343 Corn.

1888 3375 2185 3458 Superas
2247 3391 2399 3433 cum
2459 3371 2697 3436 eodem
2740 3393 2942 3450 anuo,
2987 3397 3180 3461 quem
3226 3399 3384 3443 mox

1885 3492 2353 3558 proponemus,
2391 3492 2718 3559 quemque
2745 3488 3012 3560 praeter
3043 3476 3382 3543 Maffeium

1885 3594 2083 3638 nemo
2126 3572 2293 3637 aliu·
2337 3573 2551 3639 adhue
2591 3572 2779 3643 vidit.

1580 3904 1705 3969 ΡΒ
1722 3906 1782 3968 Ε
1806 3904 1916 3968 TI
1927 3904 2089 3968 VM.

689 4108 1030 4174 commatis
1072 4104 1349 4167 Romam·
1362 4122 1388 4165 .·

882 4205 1090 4270 Aurei
1226 4240 2426 4270 ............
2509 4200 2752 4264 RRRR

879 4304 1205 4389 Argentei
1333 4348 1352 4367 .
1441 4344 1464 4369 .
1547 4346 1571 4370 .
1656 4342 1674 4364 -.
1760 4336 2423 4369 .......
2509 4299 2585 4366 C.

1872 4442 2428 4475 ......
2508 4403 2592 4464 R.

880 4406 1092 4469 Aeuei
1134 4407 1186 4471 1.
1230 4403 1483 4485 formae
1550 4447 1570 4467 .
1659 4446 1679 4466 .
1769 4445 1790 4470 .

300 4548 3374 4587 ————————————v——-—·-——-·———-——-—-

354 4625 421 4694 a)
456 4618 605 4678 Hist.
642 4618 790 4690 Aug.
828 4624 1034 4693 p.257.
1141 4614 1215 4690 b)
1248 4616 1515 4690 Pag.545
1550 4615 1614 4677 in
1648 4610 1988 4678 addendis.
2094 4615 2156 4687 c)
2192 4610 2466 4673 Duodea.
2505 4612 2776 4673 nomism.
2815 4586 3070 4691 exposit.
3108 4615 3375 4678 Liburni.
