4652 5937
1314 368 1460 453 460

1441 543 1631 606 Addo
1699 559 1826 622 ego
1887 536 1990 599 bis
2050 534 2286 597 fortius
2346 551 2803 620 argumentum

1313 645 1486 709 aliud
1528 664 1611 705 ex
1647 662 1845 704 numo
1888 639 2094 699 musei
2130 637 2469 699 Caesarei.

1731 738 2264 807 -TETRICVS.
2332 739 2532 806 AVG.
2605 741 2807 816 Caput

1311 835 1637 906 rudentum
1593 774 1948 920 “pnerilffl

1312 943 1610 1010 SALVS.
1655 939 1851 1006 AVG.
1899 944 2099 1009 Salus
2139 950 2341 1003 stam.
2385 939 2526 1001 ΑΕ.
2569 939 2681 1002 111.

1435 1042 1625 1106 Addo
1681 1040 1963 1125 denique
2015 1042 2461 1105 testimonium
2508 1037 2801 1122 Vopisci,

1308 1164 1459 1207 eum
1507 1167 1545 1206 a
1590 1156 1775 1225 patre
1824 1141 1890 1202 in
1941 1142 2154 1204 Gallia
2201 1154 2642 1227 nuncupatum
2687 1140 2805 1200 im-

1307 1258 1680 1328 peratorem
1730 1240 2092 1306 adserentis
2126 1248 2206 1323 ¹.)

1435 1350 1839 1428 Argumenta
1876 1344 2038 1407 haec
2068 1358 2138 1405 ut
2168 1344 2430 1407 valida’
2411 1367 2479 1407 m
2513 1340 2802 1428 speciem

1313 1447 1526 1511 videri
1562 1458 1872 1529 possunt,
1919 1458 2134 1506 tamen
2171 1431 2484 1508 colla'tum
2526 1446 2803 1529 Augusti

1308 1548 1571 1611 titulum
1627 1566 1759 1606 non
1816 1546 1970 1608 satis
2022 1548 2354 1608 evincunt.
2430 1550 2591 1607 Nam
2643 1550 2688 1608 1.
2733 1548 2801 1608 in

1304 1648 1521 1710 numis
1563 1647 1818 1719 aureis,
1863 1666 2141 1728 qnorum
2187 1647 2611 1728 praeconium
2650 1668 2803 1730 pro·-

1305 1761 1458 1831 pter
1509 1746 1729 1829 operis
1780 1745 2097 1821 nitorem,
2143 1759 2209 1807 et
2256 1746 2407 1830 quia
2458 1746 2631 1813 haud
2684 1747 2800 1809 du-

1305 1847 1415 1910 bie
1458 1848 1526 1908 in
1577 1847 1714 1931 ipsa
1759 1846 2071 1930 principis
2129 1846 2318 1922 sede,
2364 1861 2558 1931 atque
2603 1848 2800 1912 adcu-

1219 2012 1222 2017 ,
1304 1949 1509 2012 ratius
1548 1949 1689 2010 cusi
1725 1962 1909 2024 sunt,
1972 1948 2184 2011 solum
2231 1962 2334 2009 est
2377 1947 2794 2026 audiendum,

1301 2053 1635 2132 Augustus
1670 2071 2000 2134 nunquam
2033 2048 2303 2124 dicitur,
2359 2050 2486 2111 nisi
2533 2050 2599 2112 in
2647 2072 2800 2114 con-

1303 2152 1511 2212 sortio
1563 2151 1787 2232 patris.
1853 2152 1938 2212 At
1974 2149 2254 2214 vidimus
2290 2150 2483 2228 alias,
2526 2173 2656 2214 non
2696 2175 2799 2215 ra-

1301 2271 1381 2311 ro
1415 2250 1795 2312 manifestos
1827 2253 2138 2314 Caesares
2165 2272 2286 2334 per
2315 2273 2577 2317 causam
2611 2273 2801 2337 prae-

1303 2352 1505 2413 sentis
1549 2352 1826 2433 Augusti
1869 2352 2071 2435 patris
2113 2351 2537 2435 participasse
2592 2353 2798 2416 hono-

1305 2469 1449 2512 rem
1498 2451 1902 2537 Augusteum
1965 2451 2089 2513 sibi
2147 2453 2545 2529 indebitum,
2610 2454 2794 2535 cujus

1304 2551 1607 2635 exempla
1667 2552 1964 2616 dedimus
2009 2554 2079 2614 in
2134 2555 2492 2616 Maximino
2551 2568 2618 2616 et
2663 2559 2798 2615 Ma-

1301 2654 1520 2730 ximo,
1600 2667 1668 2715 et
1728 2654 1906 2718 alibi.
1977 2657 2059 2720 11.
2106 2653 2177 2716 Si
2243 2675 2401 2718 vere
2459 2655 2792 2737 Augustus

1299 2755 1462 2829 fuit,
1522 2775 1640 2818 cur
1676 2754 1743 2815 in
1782 2754 2009 2817 iisdem
2047 2754 2149 2816 his
2183 2758 2399 2817 numis
2428 2756 2567 2836 ejus
2602 2769 2795 2838 caput

1304 2868 1679 2921 constanter
1724 2869 1822 2917 est
1884 2855 2168 2932 nudum,
2230 2877 2381 2918 cum
2426 2871 2643 2918 tamen
2687 2878 2796 2939 pa·

1303 2955 1423 3017 tris
1469 2967 1842 3019 constanter
1887 2955 1972 3023 sit
2014 2955 2422 3020 laureatum?
2468 2956 2638 3020 Sane
2665 2957 2793 3023 hoc

2297 351 2913 428 TETRICVS

2998 350 3443 456 FILIVS„

2916 554 3080 599 aevo
3120 547 3311 617 caput
3346 531 3633 595 nudum
3698 531 4182 594 indubitatum
4219 550 4304 596 cst
4330 537 4435 599 cae-

2919 636 3082 698 saris
3142 634 3502 698 indicium.-
3591 625 3737 695 111.
3795 633 4019 695 Clu-ii
4068 649 4213 696 sunt
4254 637 4435 700 Tetrici

2915 738 3052 822 jun.
3098 737 3313 812 numi,
3371 736 3437 796 in
3482 755 3842 820 quorum
3896 736 4128 798 antica
4171 736 4224 796 is
4264 738 4438 798 caesar

2916 850 3163 900 tantum
3221 836 3494 911 dicitur,
3577 850 3663 898 at
3735 836 3818 896 in
3887 857 4139 897 aversa
4198 837 4435 919 scriptun

2917 939 3219 1003 SALVS.
3261 939 3519 1003 AVGG.
3602 970 3715 982 —-
3790 936 4061 998 SPES.
4111 936 4346 1002 AVGG.
4383 970 4436 983 —

2914 1035 3778 1104 NosslLlTAS.-AVGG.
3837 1050 3983 1100 etc.
4050 1049 4127 1098 ut
4187 1057 4328 1120 ergo
4369 1037 4434 1099 hin

2917 1142 2981 1202 in
3012 1142 3239 1203 ‹numis
3282 1163 3351 1200 το
3398 1140 3703 1206 AVGG.
3788 1138 4167 1200 Tetricum
4213 1139 4328 1218 jun.
4360 1158 4432 1199 ne·

2916 1264 3235 1327 quaquam
3282 1245 3679 1326 Augustum
3760 1241 4082 1325 prohat,
4147 1240 4264 1324 etsi
4301 1239 4429 1301 illum

2915 1364 3179 1427 quoque
3212 1345 3768 1429 complectatur,
3826 1343 3931 1403 ita
3975 1361 4201 1424 neque
4230 1341 4291 1400 in
4318 1341 4431 1402 aliis.

2914 1447 3025 1511 IV.
3090 1446 3380 1507 Titulum
3422 1448 3936 1525 ·imperatoria
4018 1463 4159 1504 non
4230 1460 4426 1523 semper

2913 1546 3196 1629 probare
3243 1545 3436 1605 etiam
3476 1548 3948 1630 Augustum,
4000 1542 4166 1604 satis
4202 1540 4427 1624 snprain

2914 1659 3173 1708 moneta
3216 1645 3507 1707 Salonini
3543 1645 3912 1708 disserui.
3971 1643 4179 1739 Quod
4212 1643 4263 1703 si
4291 1660 4421 1729 reve·

2911 1768 2984 1808 ra
3040 1747 3369 1828 Angustus
3434 1746 3699 1809 dicitur
3773 1747 3854 1808 in
3932 1745 4211 1819 aeneis,
4265 1742 4418 1825 iisque

2910 1847 3352 1929 paucissimis,
3398 1863 3467 1910 et
3523 1851 3909 1932 explicate
3965 1847 4038 1906 in
4098 1844 4283 1907 unico
4323 1855 4411 1902 tan·

2910 1961 3089 2023 tum,
3146 1948 3340 2012 facile
3384 1949 3580 2034 istud·
3605 1949 3849 2012 tribui
3902 1957 4146 2032 potest
4193 1955 4415 2005 moneta-

2908 2049 2995 2110 rii
3043 2049 3450 2133 ignorantiae
3495 2050 3887 2112 titulorum
3944 2049 4086 2112 vim
4136 2067 4263 2108 non
4300 2042 4406 2103 satis

2907 2152 3369 2235 percipientis,
3429 2152 3819 2234 praecipue
3874 2169 4046 2210 cum
4091 2145 4299 2230 operis
4334 2164 4407 2203 ru·

2908 2253 3110 2329 ditas,
3182 2272 3349 2337 quae
3407 2251 3793 2335 plerosque
3854 2249 4285 2312 Tetricorum
4330 2262 4400 2304 ae·

2894 2353 3275 2415 -neosinter
3308 2351 3619 2413 barbaros
3647 2353 3819 2432 jure
3859 2339 4168 2434 ablegat,
4202 2341 4398 2408 abunde

2911 2453 3176 2533 doceat,
3221 2453 3304 2514 ab
3357 2453 3880 2535 imperitissima
3929 2471 4056 2513 eos
4110 2466 4287 2508 manu
4325 2440 4395 2503 fu·

2909 2556 3038 2616 isse
3095 2553 3483 2616 elaboratos.
3542 2554 3880 2637 Denique
3943 2544 4308 2611 Trebellius
4346 2553 4393 2602 et

2906 2656 3139 2723 'Victor
3158 2699 3175 2730 ,
3211 2655 3320 2735 qui
3347 2669 3691 2739 utramque
3728 2654 3893 2736 ejus
3923 2652 4253 2714 fortunam
4278 2661 4386 2726 pro·

2909 2755 3173 2843 didere,
3218 2774 3369 2817 eum
3404 2758 3783 2841 Augustum
3836 2774 4215 2837 nunquam,
4257 2738 4385 2828 (1⁰⁰3

2908 2870 3278 2919 memorare
3324 2872 3506 2920 certe
3549 2880 3680 2920 non
3726 2857 4236 2941 neglexissent,
4293 2836 4381 2905 ⁵2²1

2910 2958 3260 3042 Caesarem
3303 2960 3513 3025 solum
3563 2961 3945 3046 appellant.

2535 3272 3110 3336 ,PRETJVM

1900 3464 2101 3526 Aurei

1896 3567 2214 3648 Argentei
2254 3566 2496 3649 impuri

1897 3666 2102 3731 Aenei
2140 3670 2248 3728 111.
2287 3666 2539 3729 formae

2202 3506 2861 3544 00000000

2603 3631 2606 3632 γ
2622 3611 2640 3627 ⁰
2729 3609 2745 3625 ⁰
2836 3615 2852 3631 ο

2942 3610 3603 3651 00000000

2479 3982 2747 4044 TPISO
2807 3983 2939 4058 ,FB
2966 3985 3170 4048 VGJ.

1425 4162 1483 4235 A
1529 4171 1860 4237 veteribus
1905 4172 2038 4235 illis
2065 4173 2450 4256 Calpurniis
2494 4175 2816 4240 creditus

1300 4291 1508 4356 genus
1552 4272 1830 4349 ducere,
1875 4289 2150 4359 propter
2174 4275 2472 4358 justitiae
2517 4290 2582 4364 et
2619 4278 2783 4338 inte·

1296 4371 1552 4458 gritatis
1595 4376 2229 4440 commendationem
2279 4378 2468 4464 apud
2494 4399 2780 4443 summos

2897 4176 3080 4258 juxta
3137 4197 3213 4241 ac
3269 4174 3527 4240 infimos
3582 4180 3932 4262 gratiosus.
4016 4175 4072 4237 A
4116 4159 4334 4233 Maem-

2824 4299 2832 4306 ·
2895 4298 2981 4341 no
3026 4276 3106 4340 ad
3165 4278 3693 4344 interficiendum
3736 4282 4081 4347 Valentem
4120 4268 4334 4334 missus.

2895 4400 3045 4443 cum
3106 4380 3379 4465 exsequi
3437 4380 3734 4446 mandata
3795 4404 3928 4447 non
3987 4384 4215 4463 posset·
4270 4379 4324 4423 ¹¹¹

1303 4507 4316 4652 ‘3TK1Jaz332x**“‘*-*-f-------÷----‘
