4652 5937
1290 397 1430 474 176
1972 426 1979 427 f
2071 389 2157 466 L.
2258 381 2919 496 SEPTIMIVS
3019 383 3600 459 SEVERVS.

1287 574 1688 639 tribunatum
1718 576 1770 635 1.
1819 570 1991 633 solet
2039 567 2351 632 indicare.
2438 570 2688 635 Verum
2750 565 2798 627 ii

1297 678 1376 742 ad
1427 675 1889 739 liberalitatem
1943 674 1994 737 1.
2023 671 2265 734 referri
2310 690 2443 732 non
2502 682 2798 754 possunt,

1306 801 1454 843 cum
1487 779 1772 840 Severus
1822 781 2123 858 tempore
2167 772 2487 855 congiarii
2538 774 2586 834 1.
2638 791 2800 832 non-

1303 878 1459 940 dum
1502 879 1704 940 fuerit
1767 875 1956 941 COS.
1992 879 2074 940 ΙΙ.
2163 875 2295 937 Sed
2343 893 2559 957 neque
2602 871 2801 935 adli-

1305 982 1718 1055 beralitatem
1750 978 1862 1040 111.
1893 978 2044 1039 anni
2065 979 2146 1044 V.
2183 979 2253 1039 C.
2285 976 2442 1057 955,
2489 973 2796 1058 quoniam

3347 621 3358 630 ·
3465 609 3505 649 ‘Ur
3633 567 3670 606 .
3798 612 3838 650 fi

3239 673 3486 733 Eadem
3530 674 3821 733 adversa.

2915 777 3025 835 PR
3036 772 3452 837 OFECTIO.
3489 774 3690 840 AVG.
3733 775 4106 852 Imperator
4143 771 4336 854 eques
4367 778 4426 833 d.

2914 881 3182 940 hastam.
3233 877 3371 938 AR.
3421 870 3615 952 (Mus.
3653 875 3866 953 Caes.)

3040 962 3365 1039 Nimirum
3417 977 3498 1038 ad
3537 966 3907 1059 *a9giusttum
3952 973 4234 1049 bellum
4281 976 4425 1036 Par-

1301 1081 1498 1164 hujus
1535 1096 1835 1164 tempore
1863 1081 1992 1163 jam
2028 1078 2154 1141 fuit
2189 1079 2380 1143 COS.
2418 1079 2528 1139 111.
2572 1076 2796 1171 Quare
2911 1077 3184 1140 thicum.

1296 1183 1422 1246 etsi
1472 1203 1784 1246 numerus
1838 1183 1986 1244 trib.
2021 1181 2364 1264 potestatis
2412 1200 2581 1242 anno
2610 1197 2800 1262 prae-

1302 1286 1469 1349 senti
1507 1284 1768 1347 debitus
1804 1284 2083 1346 omissus
2113 1282 2193 1343 sit
2216 1328 2233 1359 ‚
2302 1279 2798 1363 subintelligen-

1300 1388 1420 1448 ‹lus
1471 1400 1689 1449 tamen
1762 1401 2038 1470 propter
2099 1386 2325 1448 allatas
2390 1403 2616 1446 causas
2668 1393 2790 1455 est,

1295 1486 1472 1571 quod
1527 1488 1847 1550 lectorem
1896 1487 2222 1549 eruditum
2274 1485 2622 1557 advertere
2683 1500 2793 1542 cu-

1293 1604 1437 1651 rate
1476 1588 1668 1671 cupio
1691 1634 1708 1663 ‚
1752 1609 1837 1650 ne
1873 1588 2047 1649 some
2076 1598 2502 1670 praepostere
2540 1603 2621 1645 ex
2660 1581 2788 1644 hoc

1292 1711 1496 1751 numo
1530 1709 1810 1771 arguere
1851 1689 2176 1764 intendat,
2235 1685 2469 1749 Severi
2502 1684 2790 1746 tribuna·

1293 1805 1433 1852 tum
1480 1790 1762 1873 primum
1811 1803 2119 1881 coeptum
2180 1808 2350 1850 anno
2393 1788 2480 1855 V.
2527 1787 2598 1848 C.
2662 1784 2786 1882 946

1295 1910 1443 1953 sese
1500 1888 1565 1951 in
1614 1905 1998 1975 sequentem
2042 1890 2235 1951 etiam
2282 1909 2521 1950 annum
2560 1907 2789 1971 porre-

1296 1991 1469 2052 xisse
1492 2035 1508 2068 ,
1556 1989 1640 2053 de
1673 2013 1801 2074 quo
1846 2003 2080 2075 agetur
2112 1988 2379 2066 uberius
2409 1990 2477 2050 in
2506 2002 2784 2054 tractatu

1297 2091 1380 2156 de
1417 2091 1764 2156 tribunicia
1798 2105 2176 2177 potestate..

1585 2374 1589 2381 .
1794 2298 2035 2356 Eodem
2079 2316 2287 2356 anno.-

1477 2400 1602 2490 ΤΒ.
1648 2400 1720 2460 Ρ.
1774 2398 1851 2457 V.
1902 2397 2077 2457 COS.
2129 2399 2212 2457 ΙΙ.
2257 2399 2435 2458 ΙΜΡ.
2483 2397 2600 2457 ΙΧ.

1571 2600 1649 2659 L.
1717 2599 1962 2661 SEPT.
2030 2600 2218 2663 SEV.
2276 2599 2537 2661 PERT.
2580 2598 2782 2664 AVG.

1565 2700 1742 2771 IMP.
1792 2701 1997 2763 V1111.
2088 2705 2288 2779 Caput
2316 2703 2694 2762 laureatum.

1293 2800 1928 2868 MVNIFICENTIA
1948 2820 1963 2831 ‘
1977 2799 2178 2867 AVG.
2246 2804 2522 2880 Elephas
2554 2804 2784 2863 lorica·

1288 2902 1598 2964 tus-AR.
1646 2903 1840 2980 (Mus.
1881 2904 2096 2980 Caes.)

1418 3001 1808 3084 Spectacula
1846 3002 2155 3065 aSevero
2181 3001 2391 3079 edita,
2438 3016 2782 3087 antequam

1289 3100 1372 3164 ad
1399 3102 1645 3163 bellum
1680 3102 2059 3164 Parthicum
2107 3102 2357 3179 exiret,
2402 3116 2638 3166 testem
2676 3103 2786 3167 ha·

1284 3202 1517 3264 bemus
1557 3201 1970 3286 Spartianum
2005 3203 2085 3279 ⁸).
2147 3208 2251 3268 De
2296 3205 2647 3289 elephanto
2686 3207 2784 3269 lo-

1287 3302 1495 3365 ricato
1542 3305 1727 3382 vide,
1796 3323 1962 3389 quae
2003 3306 2283 3369 diximus
2328 3305 2397 3369 in
2445 3308 2776 3372 Antonino

1292 3406 1414 3470 Pio
1446 3404 1529 3470 ad
1561 3426 1799 3471 annum
1828 3407 1909 3473 V.
1940 3407 2011 3471 C.
2050 3425 2204 3491 902.

1854 3633 1892 3673 {r
2018 3591 2056 3629 t
2182 3636 2221 3672 ὓ

1611 3713 1857 3771 Eadem
1897 3714 2207 3772 adversa.

1285 3810 1361 3870 P.
1393 3805 1483 3876 Μ.
1525 3811 1665 3870 ΤΒ.
1692 3812 1770 3875 Ρ.
1803 3811 1883 3878 V.
1917 3809 2106 3873 COS.
2151 3810 2235 3873 11.
2272 3811 2346 3872 Ρ.
2380 3815 2456 3878 Ρ.
2517 3819 2642 3880 Sol
2685 3838 2779 3879 re·

1267 3915 1448 3986 jecto
1507 3912 1751 3987 pallio,
1808 3922 1874 3973 et
1914 3915 2123 3992 capite
2170 3918 2426 3978 radicu'o
2483 3919 2663 3981 stam
2712 3923 2774 3980 d.

1286 4014 1496 4086 elata,
1540 4031 1590 4071 s.
1616 4014 1966 4094 flayelIum.
2012 4016 2085 4084 ln
2118 4013 2261 4077 aliis
2277 4019 2407 4079 alia·
2434 4023 2589 4099 typi.
2636 4021 2774 4082 AR.

1283 4112 1424 4172 ΔΕ.
1461 4112 1508 4171 1.
1556 4114 1750 4186 (Mus.
1785 4115 1995 4193 Caes)
2136 4115 2141 4124 '

1419 4198 1714 4276 Orientis
1762 4214 1871 4278 hic
1920 4229 2112 4301 typus
2159 4235 2260 4282 est
2312 4221 2519 4307 magis
2559 4242 2639 4284 ex
2683 4219 2777 4283 in-

1280 4312 1553 4376 ferioris
1604 4314 1749 4376 aevi
1789 4317 2005 4379 numis
2046 4321 2387 4405 cognitus,
2448 4322 2530 4384 ad
2580 4342 2776 4406 quem

1286 4413 1802 4495 perdomandum
1849 4439 2020 4482 nunc
2051 4440 2123 4482 se
2154 4422 2438 4486 accinxit
2468 4425 2774 4486 Severus.

3415 1181 3652 1241 Eodem
3695 1200 3928 1242 aanor.

3119 1284 3248 1345 ΤΒ.
3287 1284 3359 1344 Ρ.
3413 1285 3484 1345 V.
3533 1284 3719 1347 COS.
3757 1285 3847 1344 ΙΙ.
3891 1285 4081 1346 ΙΜΡ.
4133 1285 4224 1346 X.

3190 1450 3268 1510 L.
3335 1448 3584 1512 SEPT.
3650 1449 3839 1516 SEV.
3895 1449 4173 1512 PERT.
4224 1449 4416 1515 AVG.

3183 1552 3360 1612 lMP.
3408 1553 3488 1611 X.
3539 1556 3741 1631 Caput
3779 1555 4177 1615 laureatum.

2902 1616 4416 1785 PQMtR.PwVCOSIIPPvanes

2902 1757 3088 1833 typis.
3134 1753 3274 1817 AR.
3322 1756 3513 1828 (Mus.
3547 1754 3766 1832 Caes.)

3026 1855 3349 1938 Reliquae
3394 1850 3706 1923 aversae?
3768 1854 3977 1918 10V1.
4017 1853 4413 1918 CONSER-

2902 1956 3260 2019 VATORI
3309 1955 3496 2020 vtel
3503 1954 3883 2025 NLIBERO
3940 1957 4246 2019 PA'IRL
4293 1969 4411 2016 etc.

2903 2057 3074 2140 typis
3111 2057 3343 2122 obviis.

3263 2230 3338 2287 V.
3390 2228 3455 2287 e.
3498 2234 3645 2288 951.
3684 2192 3760 2287 ⁸1³.
3808 2228 3891 2288 Χ.
3943 2233 4086 2290 198.

2911 2333 3032 2393 Ta.
3070 2332 3141 2390 Ρ.
3187 2332 3295 2390 VI.
3337 2330 3513 2391 COS.
3543 2330 3629 2388 ΙΙ.
3659 2328 3728 2387 Ρ.
3761 2330 3849 2389 Μ.
3881 2330 3952 2387 Ρ.
3989 2330 4063 2390 Ρ.
4102 2330 4295 2390 ΙΜΡ.
4331 2329 4409 2389 Χ.

3087 2512 3090 2515 ¹
3134 2435 3229 2493 Τι’.
3265 2431 3657 2503 Saturnino,
3709 2430 3771 2489 C.
3816 2431 4008 2491 Gallo
4041 2450 4181 2491 cos.

3028 2596 3364 2659 Caracalla
3418 2598 3734 2675 Anyush',
3782 2594 3946 2657 Geta
3982 2599 4291 2659 Caesaris
4335 2594 4405 2656 ti·

2899 2697 3052 2759 tulis
3091 2710 3425 2760 ornantur.
3489 2696 3684 2775 (Vide
3726 2694 4066 2781 utriusque
4107 2700 4393 2772 numos.)

2903 2801 3188 2863 Severus
3218 2799 3613 2860 Parthorum
3659 2795 3825 2858 fines
3877 2797 4117 2875 intrat,
4168 2799 4399 2881 captis·

2897 2922 3024 2987 que
3060 2900 3362 2963 Seleucia
3415 2913 3482 2962 et
3514 2897 3853 2980 Babylone
3892 2899 4391 2985 Ctesiphontem
4433 2886 4436 2887 ⁷

2843 3045 2848 3048 -
2897 3022 3128 3087 regum
3177 3001 3402 3066 sedem
3435 3000 3778 3063 obsidione
3825 2999 4062 3086 cingit,
4109 3016 4395 3088 captam·

2844 3148 2857 3163 ,
2897 3123 3025 3189 que
3063 3104 3257 3206 militi
3303 3101 3737 3188 diripiendam
3767 3102 4106 3186 permittit.
4144 3101 4238 3186 b).

3622 3204 3663 3241 ¹}

3458 3249 3496 3286 a
3786 3246 3826 3286 a

3178 3309 3255 3368 1..
3289 3293 3568 3369 ‘semu
3632 3306 4122 3373 SEV.PER'1·.
4189 3305 4383 3376 Avo.

3177 3391 3354 3485 ῙΜΡ.
3389 3409 3472 3471 X.
3520 3411 3724 3488 Caput
3751 3412 4127 3473 laureatum.

2896 3508 4183 3578 P.M........TRPVICOSIIPP
4275 3512 4392 3573 Sol

2890 3617 3238 3698 madiam,
3294 3623 3371 3675 ut
3407 3619 3478 3678 in
3514 3638 3704 3680 numo
3738 3621 3900 3680 armi
3923 3616 4379 3697 praecedentis.

2897 3716 3033 3780 AR.
3081 3717 3274 3792 (Mus.
3318 3716 3528 3796 Caes).

3219 3820 3461 3880 Eadem
3495 3824 3794 3886 adversa·

2891 3915 3337 3981 ANNONAE.
3376 3916 3638 3985 AVGG.
3683 3921 3830 3984 vel:
3876 3918 4377 3989 FORTVNAE.

2894 4017 3158 4083 Ποῦ.
3204 4002 3373 4105 vat..
3429 4021 3657 4090 vlcr.
3716 4020 3988 4089 Aves..
4036 4026 4207 4102 typis
4241 4040 4380 4099 pro-

2884 4141 3076 4199 prus.

3019 4225 3122 4284 En
3154 4236 3504 4309 utrumque
3549 4225 3678 4307 jam
3717 4226 4121 4310 Augustum,
4184 4224 4377 4285 Sere·

2891 4343 3036 4385 rum
3091 4338 3157 4385 et
3214 4313 3652 4402 caracallam,
3730 4326 4148 4408 conjunctum
4217 4321 4375 4386 indi·

2892 4439 3078 4488 cante
3110 4425 3285 4488 istud
3304 4425 3663 4513 epigraphe
3680 4427 3944 4495 AVGG.
3966 4472 3982 4503 ‚
4027 4446 4192 4512 quae
4207 4440 4370 4486 nune

1354 4643 1416 4713 a)
1456 4638 1602 4714 Cap.
1641 4652 1727 4703 14.
1878 4643 1945 4717 b)
1983 4644 2130 4712 Dio,
2172 4619 2496 4726 spartian..
