4652 5937
1520 256 2398 391 TREBONIANVSs

3333 321 3473 398 361

373 492 1088 562 MONETAcAVGG.
1134 496 1284 557 stes
1313 494 1609 554 Monetae
1637 501 1880 556 stantes
1995 492 2372 578 complures
2426 475 2788 572 habentur,
2850 494 3009 559 item
3051 446 3493 564 Aleasandrim‘

373 617 527 662 cum
560 599 809 659 bilance
836 597 1135 676 sinyulae
1171 606 1235 656 et
1264 596 1719 669 cornucopiae‚
1756 587 1879 671 pro
1998 613 2145 655 cum
2192 595 2274 656 A.
2320 593 2403 658 B.
2437 591 2497 656 Γ
2500 641 2557 676 .,
2598 597 2680 661 de
2723 596 2959 682 quibus
3000 600 3293 664 numeris
3335 620 3489 686 age·

375 701 787 780 sinqularnm
822 701 1096 778 pedibus
1137 717 1356 759 massa
1402 696 1667 765 metalli.
1742 694 1880 755 AR.

372 817 475 865 tn.
509 819 597 864 m.
622 800 839 879 (Mus.
868 797 1095 881 Caes.)

670 907 756 965 Vc
786 905 880 963 lit.
913 904 988 961 B.
1276 965 1287 980 Ι

376 1003 790 1067 PRINCIPl.
820 998 1379 1070 IVVEN'rv'rls.
1422 999 1486 1060 S.
1525 999 1597 1062 C.
1646 997 1880 1058 Mulier

379 1109 612 1168 tudens
639 1110 704 1167 d.
733 1122 998 1166 ramum.
1046 1103 1183 1164 AE.
1225 1103 1306 1162 11.
1336 1097 1680 1181 (Banduri.
1686 1099 1716 1179 )

514 1206 715 1269 Credi
747 1218 971 1291 posset
1005 1204 1170 1265 baec
1206 1221 1435 1267 aversa
1470 1220 1551 1262 ex
1581 1197 1889 1267 Volusia-

1998 708 2115 770 tur⁸
2148 696 2486 772 continuo,

2050 917 2148 977 De
2184 918 2329 978 trib.
2358 929 2679 998 potestate
2696 962 2712 992 ‚
2757 930 2824 981 ee
2854 924 3139 984 terminis
3174 926 3432 1003 imperii
3551 963 3560 978 ι

2533 1023 2946 1083 Treboniam.

2131 1205 2621 1273 Treboniannm
2654 1219 2937 1269 exeunte
2972 1205 3116 1269 fere
3133 1209 3498 1273 Novembri

380 1306 456 1368 ni
500 1321 763 1368 moneta
804 1326 928 1390 per
969 1303 1273 1386 injuriam
1319 1302 1450 1366 huc
1495 1300 1757 1374 adacta,
1828 1297 1885 1359 si
1998 1313 2082 1382 v
2128 1315 2203 1376 c
2258 1317 2419 1386 1004
2475 1305 2721 1371 dictum
2778 1307 3144 1392 Augustum
3190 1309 3494 1373 vidimus,

381 1407 457 1469 in
496 1408 619 1470 hac
672 1407 969 1469 mulieris
1014 1404 1302 1466 sedentis
1353 1416 1543 1486 typus
1592 1421 1741 1465 cum
1778 1419 1884 1461 ea·

388 1510 541 1574 dem
575 1507 936 1592 epigraphe
957 1524 1273 1569 occari-ei
1277 1516 1361 1566 et.
1410 1502 1591 1566 sed
1570 1523 1698 1584 jam
1726 1499 1885 1562 alias

388 1610 904 1684 observavimus,
948 1608 1261 1721 Augustis
1282 1623 1543 1690 quoque
1577 1622 1708 1662 non
1728 1618 1885 1661 raro

384 1710 708 1796 principis
759 1707 1121 1793 juventutis
1178 1687 1444 1771 titulum
1517 1703 1724 1766 fuisso
1776 1699 1887 1766 ad·

382 1812 662 1922 jectum.

965 1953 1004 1993 st
1128 1906 1168 1946 ·
1293 1950 1332 1989 fi

676 2017 763 2078 Vc
818 2017 915 2076 lit.
975 2016 1038 2073 C.
1126 2015 1420 2073 procoma
1478 2008 1775 2070 laureata
1827 2004 1889 2064 d.

270 2173 275 2178 ,
675 2124 991 2194 sceptrum
1029 2133 1171 2174 cnm
1203 2112 1450 2193 aquila.

399 2211 800 2285 SAECVLI.
832 2212 1318 2290 EELICITAS.
1382 2214 1671 2287 Quatuor
1692 2206 1897 2282 puelli

398 2331 643 2384 stantes
684 2325 828 2380 bum
850 2301 1200 2410 Qut-ibatis
1249 2315 1510 2375 totidem
1553 2310 1714 2372 anni
1749 2317 1900 2368 tem-

389 2431 673 2501 pestates
701 2418 1208 2498 dosiynautthus
1267 2414 1653 2477 AE.m.1n.
1699 2411 1898 2491 (Mus.

402 2520 698 2600 Albani.)

529 2624 829 2705 Elegans
883 2632 1113 2702 typu8‚
1181 2613 1305 2679 etsi
1368 2612 1495 2696 jam
1559 2630 1645 2673 ex
1685 2608 1901 2672 nuruis

407 2723 888 2809 cognitus..

341 2887 362 2904 .
695 2828 780 2888 Vt
820 2826 1023 2885 ΕΔΑ

405 2926 898 2995 SAECVLVM.
919 2857 1263 2988 NOVVM
1308 2918 1627 3000 Templum
1662 2933 1778 2979 eea·
1795 2931 1903 2975 co·

407 3032 802 3101 lamnarum,
852 3031 1026 3088 intra
1055 3027 1229 3107 quod
1260 3024 1502 3083 idolum
1524 3023 1748 3081 sedem
1767 3059 1784 3092 ,
1828 3017 1902 3076 in

407 3133 535 3192 imo
561 3150 789 3204 unum,
836 3128 943 3189 vel
967 3130 1131 3200 ἄπιος
1173 3126 1279 3183 vel
1311 3124 1440 3181 tria
1466 3128 1706 3195 puncta
1727 3158 1745 3192 ,
1789 3136 1901 3177 seu

403 3232 674 3311 qlobulae'.
719 3229 856 3289 AR.
889 3228 1089 3303 (Muti.
1126 3221 1345 3301 Caes.)

536 3332 721 3392 Haec
762 3345 990 3390 aversa
1025 3322 1215 3386 obvia
1261 3322 1328 3381 in
1361 3317 1578 3393 nuruis
1606 3313 1903 3398 Philippi

411 3431 683 3515 ejusque
717 3426 1036 3501 familiae,
1066 3420 1199 3486 'sed
1234 3442 1382 3484 cum
1435 3417 1504 3479 in
1546 3419 1649 3480 his
1692 3416 1903 3479 absint

411 3531 668 3618 globuli
688 3527 990 3613 subjecti,
1035 3539 1102 3590 et
1131 3524 1326 3587 etiam
1363 3520 1539 3583 idem
1571 3532 1763 3604 typus
1796 3538 1907 3580 ex-

412 3647 543 3697 stet
573 3632 643 3695 in
678 3624 941 3694 moneta
971 3625 1369 3690 Etruscillae
1397 3622 1628 3699 Decii,
1675 3633 1740 3683 et
1769 3620 1907 3682 Ho-

372 3780 383 3791 .
415 3732 690 3809 stiliani,
723 3730 1010 3794 demitur
1036 3726 1319 3811 suspicio
1338 3735 1746 3809 permutatae
1776 3742 1907 3785 ma-

412 3836 630 3914 tricis,
677 3815 868 3920 quam
904 3828 1203 3896 obtendit
1233 3825 1476 3911 Pagina
1508 3827 1587 3928 ⁸),

662 4056 865 4121 Numi
903 4052 1238 4115 commatis
1269 4049 1617 4130 pereqn'm‘.

539 4239 736 4304 Numi
749 4242 1001 4302 urbium
1019 4238 1385 4312 liberarum,
1420 4244 1487 4296 et
1506 4232 1904 4296 coloniarum
1928 4229 1937 4236 ⁴

2004 1412 2203 1510 Quod
2234 1411 2315 1474 ad
2355 1410 2497 1493 ejus
2531 1409 2794 1492 imperii
2824 1407 3020 1470 finem
3054 1398 3305 1486 attinet,
3333 1405 3497 1477 baec

2001 1511 2342 1575 Zosimus.
2406 1509 2640 1573 Gothis
2686 1511 3059 1592 provincias
3115 1512 3284 1573 istro
3332 1512 3500 1575 adsi·

2001 1627 2097 1676 tas
2140 1613 2408 1694 impune
2451 1609 2855 1672 vastantibus
2891 1612 3328 1673 Aemilianum
3394 1632 3506 1673 ex-

2003 1712 2240 1777 ercitui
2299 1709 2678 1771 Pannonico
2737 1710 3145 1793 praefectum
3203 1711 3504 1775 barbaris

2004 1814 2265 1880 obviam
2299 1810 2704 1895 processisse
2727 1856 2744 1887 ,
2790 1832 3035 1897 eosque
3058 1812 3353 1876 victoriis
3375 1813 3503 1875 fra-

2008 1931 2149 1979 ctos
2193 1925 2266 1974 ut
2312 1930 2396 1972 ex
2455 1910 2718 1994 imperii
2772 1909 3009 1974 finibus
3073 1912 3497 1988 excederent,

2007 2013 2331 2098 coegisse.
2404 2013 2567 2073 Tam
2610 2011 2989 2091 praeclarae
3022 2013 3282 2075 virtutis
3311 2034 3508 2089 causa

2008 2115 2089 2180 ab
2124 2111 2428 2177 exercitu
2449 2112 2815 2195 Augustum
2850 2110 3197 2176 adversum
3231 2114 3505 2196 ignavos

2010 2214 2344 2300 principes
2376 2213 2741 2274 salutatum.
2809 2213 2959 2307 Quo
2978 2205 3216 2296 'audito
3254 2214 3510 2277 Trebo-

2013 2317 2279 2380 nianum
2315 2314 2675 2397 imperasse
2696 2313 3074 2391 Valeriano,
3110 2328 3180 2377 ut
3200 2313 3510 2399 perduel-

2013 2419 2149 2482 lem
2190 2416 2433 2480 coactis
2451 2416 2705 2478 Galliae
2739 2430 2805 2477 et
2826 2409 3511 2499 Germaniaelegioni-

2013 2519 2139 2582 bus
2169 2517 2251 2581 ad
2288 2517 2674 2601 obsequium
2707 2531 3075 2578 revocaret.
3119 2520 3205 2579 At
3236 2536 3512 2600 praeve·
3635 2529 3638 2530 ’

2015 2614 2193 2683 nisse
2215 2620 2649 2681 Aemilianum
2673 2663 2691 2692 ,
2738 2632 2803 2680 et
2831 2619 3055 2681 ltaliae
3091 2638 3235 2681 cum
3268 2637 3509 2703 magno

2017 2722 2317 2783 exercitu
2354 2720 2641 2782 infusum
2675 2719 2765 2781 ita
2795 2720 3234 2803 perterruisse
3261 2719 3515 2782 Trebo-

2014 2821 2192 2886 niani
2236 2821 2517 2897 milites,
2581 2833 2656 2883 ut
2709 2834 2954 2881 mutata
3012 2819 3142 2881 fide
3187 2841 3336 2883 eum
3384 2843 3514 2883 una

2017 2944 2167 2989 cum
2211 2920 2354 2986 filio
2397 2920 2568 3007 apud
2628 2913 3063 2984 Interamnam
3110 2922 3514 2999 occiderent,

2017 3044 2222 3108 seque
2287 3045 2415 3086 una
2468 3044 2617 3086 eum
2680 3038 2910 3086 senatu
2951 3024 3301 3087 Aemiliani
3345 3024 3517 3087 arbi-

2016 3125 2145 3185 trio
2188 3123 2672 3205 permitterent.
2758 3126 2845 3187 At
2886 3124 3223 3192 Valeriani
3269 3126 3513 3189 milites

2014 3224 2285 3306 indigne
2361 3222 2694 3300 ferentes„
2772 3243 2924 3286 eum
2985 3223 3354 3306 imperare,
3431 3229 3516 3291 ad

2017 3335 2214 3409 quem
2251 3322 2433 3385 bello
2465 3322 2996 3406 persequendum
3025 3325 3207 3385 missi
3225 3323 3508 3405 fuerant,

2013 3422 2441 3493 Valerianum
2506 3444 2694 3486 suum
2770 3420 3061 3507 purpura
3133 3424 3512 3508 induerunt,

2021 3525 2135 3609 qui
2171 3525 2420 3587 Italiam
2474 3544 2622 3588 cum
2668 3524 2966 3587 exercitu
3001 3524 3336 3613 ingressus
3380 3550 3518 3594 eas-

2022 3626 2172 3690 dem
2216 3625 2399 3690 vices
2440 3625 2749 3710 rependit
2809 3625 3221 3703 Aemiliano,
3281 3650 3429 3700 cum
3476 3655 3511 3694 a

2023 3727 2157 3791 suis
2214 3727 2421 3811 ipsius
2487 3726 2804 3789 militibus
2864 3724 3028 3787 belli
3088 3726 3339 3794 incerta
3370 3708 3519 3796 ⁸'me-

2021 3827 2359 3913 tuentibus
2396 3827 2835 3892 occideretur.
2893 3826 3079 3892 Hanc
3107 3850 3338 3893 necem
3365 3851 3516 3917 per·

2019 3942 2229 3992 actam
2274 3928 2447 4012 apud
2512 3928 2857 4013 Spoletum
2917 3924 3128 3992 refer't
3163 3926 3406 4000 ⁴Victor
3447 3934 3516 3998 in

2021 4028 2337 4114 epitome.
2429 4030 2564 4093 Sed
2592 4031 2827 4099 Victor
2867 4018 3053 4109 prior
3083 4033 3516 4101 Aemilianum

2022 4130 2258 4194 morbo
2303 4132 2698 4195 exstinctum
2742 4130 3024 4208 adserit,
3087 4154 3163 4197 ac
3206 4148 3432 4218 postea
3478 4161 3513 4201 a

2021 4231 2340 4295 militibus
2385 4229 2556 4316 apud
2604 4232 2915 4295 Rhaetias
2955 4234 3040 4296 ob
3090 4234 3337 4300 instans
3377 4238 3523 4302 hcl-

424 4429 3519 4467 mm..

488 4550 551 4623 a)
591 4546 741 4609 Crit.
776 4546 990 4603 Baron.
1030 4544 1115 4604 ad
1146 4563 1280 4603 ann.
1320 4541 1430 4604 ch.
1469 4552 1600 4608 253.
1710 4582 1720 4589 ·

613 4646 798 4727 (Vol.
849 4641 1027 4722 711.)

1758 4603 1797 4634 Β

2985 4646 3110 4709 Zz
