4652 5937
170 1060 187 1067 ⁴
296 981 381 1045 B·
589 985 807 1149 PIIVS.
852 1086 1069 1153 AVG..
1098 1084 1373 1151 GERM.
1423 1089 1627 1167 capnt
1659 1089 1817 1149 lau-.

1419 449 2248 578 vCARACALLA.

592 653 733 745 Aa.
758 698 765 703 ·
788 682 986 742 enam
1016 681 1352 742 mafanum
1402 682 1475 741 a.
1517 684 1658 742 ΑΕ.
1707 683 1805 745 ιι..

592 785 919 843 radiatum
981 786 1131 843 item
1191 784 1275 842 in.
1323 784 1465 845 AB.
1530 785 1797 853 maioris

604 885 865 944 moduli.

817 983 1136 1050 AVBEL.
1265 983 1797 1051 ANTONINVS.

586 1195 835 1247 reatum
866 1190 937 1248 iu
975 1190 1123 1250 ΑΕ.
1147 1188 1203 1249 Ῑ.

1029 1287 1068 1326 ιι

602 1387 700 1449 γιΔ
725 1389 823 1449 lit.
855 1328 938 1450 2.

298 1488 376 1548 Ρ.
421 1489 522 1551 Μ.
567 1490 706 1551 TR.
752 1490 824 1548 P.
872 1488 1110 1553 XVIII.
1173 1486 1362 1552 COS.
1408 1490 1550 1554 1111.
1602 1492 1678 1553 P.
1721 1493 1797 1555 Ρ.

296 1592 661 1666 Imperator
693 1593 1047 1668 paludatus
1095 1594 1390 1651 adstante
1425 1593 1631 1654 milite
1654 1614 1797 1655 cum

298 1691 533 1750 labaro
562 1710 814 1754 sacrum
838 1694 1014 1789 sapit
1043 1701 1195 1753 ante
1216 1713 1398 1755 aram
1417 1697 1796 1786 Apsculapiz'

1191 1328 1230 1368 fi

295 1793 537 1852 stantis
560 1812 681 1868 pro
710 1795 964 1870 foribus
994 1794 1211 1868 templa·
1225 1834 1242 1865 ,
1290 1796 1384 1852 ad
1412 1799 1596 1871 cujus
1625 1798 1821 1857 lalus.

300 1900 438 1951 etat
469 1893 757 1953 Victoria
793 1911 934 1952 cum
953 1895 1197 1970 palma.
1242 1893 1380 1959 AV.
1430 1894 1690 1973 (Vaill.)

428 1990 720 2052 Aversae
784 2004 970 2074 typus
1032 1991 1405 2070 confirmat,
1482 1995 1661 2078 quod
1711 1994 1825 2057 ad.

299 2111 543 2152 annum
577 2090 865 2173 priorem
897 2092 1377 2157 exHerodiano
1411 2096 1793 2173 memoravi,

302 2192 710 2257 Caracallam
765 2192 937 2277 apud
982 2196 1375 2277 Pergamum
1424 2195 1491 2257 in
1542 2196 1792 2279 templo

294 2294 678 2376 Aesculapii
728 2295 1015 2358 sanitatis
1064 2297 1565 2379 recuperandae.
1601 2319 1795 2361 causa
1846 2352 1857 2361 .

295 2408 601 2459 et.sacra
664 2394 941 2470 fecisse,
1019 2412 1086 2460 et
1154 2399 1403 2460 somnia
1472 2397 1792 2482 captassel

289 2493 573 2565 Factum
632 2495 806 2558 istud
869 2519 1038 2579 annp
1106 2513 1453 2581 praesente
1517 2519 1640 2582 per
1697 2500 1794 2561 in-

293 2594 617 2677 scriptum
654 2595 1052 2661 tribunatum
1086 2599 1324 2665 XVIII.
1370 2601 1643 2683 egregie
1670 2614 1793 2661 sta-

291 2695 448 2757 bilit
476 2718 732 2759 numus.
775 2698 1083 2763 Ceterum
1113 2702 1194 2763 de
1211 2700 1604 2785 Aesculapio
1640 2700 1791 2766 vide

286 2795 490 2878 plura
536 2796 617 2859 ad
650 2820 885 2862 annum
921 2804 1450 2884 praecedentem.

1012 2904 1050 2942 Ἰ

1177 2947 1217 2988 fi
1274 2964 1287 2982 ο.

728 2979 736 2989 .
850 2945 891 2984 2.
958 2962 969 2967 -

590 3003 812 3066 thit.
861 3009 935 3065 B.
1468 3081 1473 3089 ἢ

291 3100 374 3163 Ρ.
402 3103 500 3162 Μ’.
531 3104 670 3167 ΤΒ.
704 3105 779 3163 Ρ.
821 3107 1054 3175 XVIII.
1087 3111 1264 3173 lMP.
1302 3111 1410 3175 111.
1448 3109 1643 3174 COS.
1676 3109 1786 3177 IV.

288 3203 373 3263 P.
420 3204 495 3263 P.
550 3204 616 3267 S.
652 3207 721 3268 C.
781 3209 1133 3287 Imperator
1155 3216 1507 3290 paludatus,
1534 3217 1595 3275 d.
1626 3216 1790 3294 pede

294 3308 685 3382 crocodilum
726 3311 939 3370 calcat
951 3354 969 3386 ,
1031 3333 1081 3372 s.
1120 3314 1372 3375 hastam
1394 3358 1411 3389 ,
1469 3318 1564 3375 ad
1604 3332 1788 3395 quem

296 3409 550 3474 accedit
581 3410 708 3468 Isis
757 3413 818 3469 d.
851 3415 1063 3488 spicae
1077 3456 1095 3488 ,
1155 3433 1207 3475 s.
1246 3417 1505 3476 sistrum
1546 3426 1783 3479 tenens.

288 3507 432 3568 ΑΕ.
475 3508 529 3570 I.
574 3510 772 3588 (Mus.
807 3512 1028 3590 Caes.)

419 3608 548 3670 Hic
610 3630 844 3670 numus
902 3611 1085 3673 testis
1138 3626 1240 3675 est
1287 3615 1659 3680 Caracallae
1717 3617 1786 3680 in

290 3711 666 3792 Aegyptum
728 3707 1200 3790 profectionis,
1266 3714 1632 3793 institutae,
1712 3729 1786 3779 ut

292 3807 387 3871 de
430 3810 689 3872 miseris
726 3811 1184 3875 Alexandrinis
1235 3835 1512 3898 poenam
1574 3831 1823 3879 sume·'

288 3922 431 3984 ret,
475 3931 599 3993 qua
632 3911 920 3972 atrocior
953 3915 1170 3996 repeti
1192 3935 1330 3977 non
1368 3931 1662 4000 poterat.
1727 3917 1784 3979 si

287 4009 630 4094 propalam
680 4011 1064 4096 obsequium
1109 4016 1466 4081 exuissent.
1509 4017 1783 4080 Crimini

290 4096 551 4187 datum,
600 4112 812 4196 quod,
872 4127 945 4176 ut
989 4113 1179 4178 fuere
1230 4137 1438 4200 prono
1475 4119 1558 4181 ad
1608 4121 1782 4184 dica·

292 4211 613 4288 citatem?
702 4225 769 4274 et
838 4212 1024 4296 jocos
1080 4218 1435 4281 amariores
1484 4221 1785 4303 ingenio,

288 4333 424 4375 non
461 4311 588 4394 ipsi
627 4333 992 4397 pepercere
1021 4315 1405 4401 imperanti,
1453 4322 1570 4384 sed
1609 4343 1786 4386 cum-

286 4411 522 4497 primis
543 4411 898 4478 fraternam
923 4416 1193 4479 eaedem
1222 4420 1610 4487 insolentius
1633 4444 1784 4507 per·⁴

3271 540 3474 627 Ὴᾱ,

1912 698 2079 762 stam
2131 688 2573 771 appellantes,
2636 694 2812 778 quod
2837 716 3008 787 „zeam
3045 700 3242 770 -filius
3273 730 3440 790 τε...

1912 785 2010 847 lut
2061 787 2228 848 alter
2278 788 2574 875 Oedipus
2617 796 2945 864 violasset.
3006 804 3437 886 Igitur-dis„⁴

1916 885 2214 950 simulata
2251 889 2346 955 ira
2371 935 2388 966 ,
2451 898 2786 969 cumurbi
2833 906 3405 992 appropinquaret,

1914 987 2240 1074 primores
2274 990 2593 1071 civitatis,
2660 999 2772 1083 qui
2804 1005 3092 1068 venienti
3144 1009 3440 1087 obviam„

1911 1108 2337 1170 processere,
2436 1096 2715 1175 comiter
2772 1104 3057 1184 primum
3121 1115 3479 1196 excepit„-

1913 1190 2406 1269 mox.edicto,'
2449 1207 2530 1257 -ut
2588 1200 2895 1282 oppidani
2931 1228 3175 1282 ,omnes
3230 1212 3404 1276 intra
3470 1253 3480 1262 ·

1915 1288 2147 1353 domos
2187 1314 2335 1355 suas
2365 1314 2437 1357 se
2484 1299 2935 1381 continerent,
2998 1310 3134 1372 vias
3173 1334 3403 1377 omnes
3473 1350 3476 1355 ,

1913 1392 2177 1454 armatis
2213 1393 2488 1473 insedit,
2527 1412 2897 1488 tantamque
2937 1408 3003 1467 in
3058 1412 3222 1474 urbe
3258 1436 3402 1479 cae·

1915 1490 2065 1554 dem
2097 1494 2294 1572 fecit,
2353 1510 2434 1559 ‚ut
2476 1519 2559 1561 ne
2594 1502 2736 1585 ipse
2773 1492 3044 1587 quidem
3075 1511 3410 1591 ⁸interfec-

1913 1606 2546 1664 tot·um..numerum
2596 1607 3015 1684 perscribere
3072 1612 3155 1674 ad
3218 1636 3407 1679 sena·
3509 1632 3516 1639 “

1908 1707 2047 1757 tum
2098 1695 2392 1760 auderet.
2457 1703 3056 1784 =Ejusatrocitatis
3103 1714 3408 1789 historici

1910 1815 2138 1858 omnes
2171 1798 2571 1879 meminere,
2618 1818 2684 1867 at
2711 1810 3058 1889 prolixius,
3106 1819 3230 1879 etsi
3270 1819 3407 1883 sre-

1908 1910 2191 1979 quenter
2243 1897 2321 1959 in.
2361 1902 2616 1967 diversa
2666 1908 2934 1985 abeant,
3000 1914 3129 1978 Dio
3164 1920 3254 1999 εΙ),
3335 1937 3405 1987 et

1908 1998 2348 2062 Herodianus.
2409 2005 2713 2087 Fingitur
2758 2009 2824 2068 in
2869 2011 2994 2076 hoc
3032 2039 3231 2089 numo
3277 2023 3412 2087 Isis.

1910 2096 2279 2160 adventanti
2314 2092 2698 2185 imperatori
2748 2129 3141 2191 oceurrens,
3188 2134 3255 2181 et
3297 2143 3438 2189 re-,-

1907 2197 2040 2260 sert
2088 2200 2217 2261 Dio
2249 2194 2352 2279 1Φ),
2419 2207 2669 2287 primos
2721 2208 3152 2279 Alexandriae
3208 2221 3440 2288 adve-·

1906 2299 2141 2360 nienti.
2183 2302 2441 2367 obviam
2494 2328 2883 2392 progressos
2948 2335 3094 2377 cum
3145 2325 3404 2400 areanis

1910 2400 2293 2483 quibusdam
2324 2406 2548 2470 sacris.
2591 2410 2692 2470 Ad
2728 2411 2889 2493 haec
2922 2436 3103 2480 saera
3136 2423 3324 2487 Isidis
3360 2448 3410 2488 a=

1909 2502 2239 2565 Caracalla
2277 2507 2551 2568 Romam
2595 2508 2969 2593 deportata,
3036 2533 3101 2581 et
3152 2523 3400 2608 ubique

1909 2602 1970 2664 ei
2025 2602 2366 2685 magnifica
2414 2609 2656 2690 templa
2704 2610 2876 2675 facta
2909 2618 3105 2682 tradit
3154 2626 3402 2709 Sparti-

1906 2725 2064 2765 anus
2098 2705 2177 2786 c).
2236 2706 2625 2772 Crocodilus
2670 2713 3041 2798 Aegyptum
3079 2729 3405 2811 graphice

1904 2819 2106 2868 uolat·
3303 2886 3308 2893 ,

1988 2974 1997 2983 ,
2033 2907 2168 2972 Iam
2210 2926 2374 2975 vero
2427 2924 2495 2974 et
2537 2911 3056 3003 chronologiam
3085 2997 3092 3002 ¹
3120 2930 3397 3015 egregie

1903 3008 2190 3073 illustrat
2223 3032 2458 3074 numus
2501 3035 2849 3096 praesenS,
2897 3024 3007 3105 qui
3043 3025 3218 3093 hunc
3243 3015 3400 3098 Ale-
3475 3069 3478 3070 ⁷

1903 3110 2213 3173 xandriae
2276 3113 2648 3178 adventum
2729 3119 3083 3189 tribunatui
3152 3132 3393 3198 XVIII.

1902 3211 2166 3294 adfigit,
2230 3213 2342 3295 qui
2396 3234 2477 3276 ex
2524 3237 2669 3278 mea
2722 3227 3043 3288 sententia
3089 3235 3399 3310 currebat

1903 3331 2051 3373 cum
2094 3333 2261 3374 anno
2294 3315 2373 3380 V.
2429 3317 2498 3378 C.
2534 3317 2677 3399 968.
2731 3320 2801 3381 P.
2832 3323 2913 3383 X.
2958 3330 3102 3390 215.
3192 3335 3398 3399 Tille-

1900 3412 2187 3473 montius
2223 3414 2461 3498 etipse
2510 3437 2772 3502 quoque
2806 3419 3162 3492 discessum
3199 3457 3239 3495 a
3278 3438 3394 3498 Ni·

1784 3561 1788 3565 .
1899 3514 2232 3587 comedia,
2293 3526 2360 3576 et
2415 3517 2683 3580 caedem
2728 3521 3236 3604 Alexandrinam
3285 3535 3392 3602 -in-
3477 3566 3486 3573 ·

1898 3626 2000 3675 tra
2032 3635 2314 3676 annuum
2360 3619 2633 3699 spatium
2670 3623 3036 3702 concludit,
3084 3631 3392 3704 sedhaec
3461 3683 3466 3688 .

1898 3713 2068 3782 sacta
2146 3717 2483 3779 contendit
2546 3742 2715 3786 anno
2779 3741 3097 3809 sequente
3160 3733 3241 3797 V.
3320 3738 3392 3797 C.

1897 3815 2044 3900 969.
2091 3817 2240 3909 Quo
2277 3817 2455 3880 istud
2479 3836 2667 3903 paeto
2699 3827 3060 3890 verisimile
3087 3830 3189 3907 sit,
3234 3853 3389 3916 pro-

1896 3932 2048 4003 pter
2078 3937 2302 3980 rerum
2337 3917 2550 3983 adhuc
2570 3920 2881 4008 deinceps
2916 3942 3245 4010 gestarum
3279 3954 3389 3997 co-

1895 4019 2070 4102 piam
2110 4039 2242 4080 non
2299 4022 2586 4103 reperio.
2652 4026 2822 4087 Sane
2876 4046 2959 4088 ex
3005 4029 3146 4108 ejus
3183 4032 3387 4115 ipsius

1893 4119 2215 4184 sententia
2254 4121 2583 4185 Caracalla
2631 4139 2781 4208 post
2830 4126 3002 4189 diem
3044 4132 3155 4198 lv.
3199 4133 3391 4216 Apri-

1901 4222 2098 4288 lisV.
2138 4224 2208 4286 C.
2242 4221 2367 4304 909
2421 4224 2719 4288 discessit
2765 4228 3183 4310 Nicomedia,
3250 4248 3390 4300 tum

1897 4337 2242 4412 peragrata
2309 4326 2488 4385 omni
2554 4326 2709 4388 Asia
2783 4327 3050 4395 intravit
3111 4335 3386 4416 Syriam,

1899 4424 2413 4512 et‘aliquamdiu
2480 4425 2866 4493 Antiochiae
2913 4446 3203 4510 moratus
3264 4452 3387 4503 est.

289 4513 655 4590 strinxere,
701 4531 974 4579 matrem
1027 4539 1290 4606 quoque
1340 4523 1572 4587 Iuliam
1605 4527 1782 4590 Ioca-
1897 4529 2071 4588 Tum
2129 4526 2379 4588 bellum
2444 4525 2513 4588 in
2573 4529 2852 4594 Parthos
2894 4536 3187 4617 paravit,
3254 4559 3384 4624 quo

362 4751 429 4820 a)
469 4748 539 4809 L.
578 4746 873 4813 LXXVII.
913 4755 964 4825 ς.
1003 4722 1108 4814 22]
1240 4752 1312 4828 b)
1354 4753 1398 4816 l.
1436 4774 1485 4816 c.

1633 4760 1696 4832 c)
1737 4757 1818 4819 Ca
1823 4778 1885 4837 p.
1924 4772 1977 4836 9.
