4652 5937
1208 395 1342 505 ⁷86

1157 645 1162 649 -
1241 604 1394 666 Iure
1421 598 1815 664 Pellerinius
1845 595 2193 679 Haymium
2223 597 2515 681 castigat,
2557 597 2733 682 quod

1241 703 1300 763 is
1350 725 1614 765 numum
1673 702 1847 764 hunc
1914 703 1987 762 L.
2018 700 2198 764 Vero
2258 699 2536 783 largitus
2587 715 2727 775 est;

1241 803 1386 878 hic,
1458 817 1799 886 antequam
1862 824 1896 864 a
1939 806 2025 863 M.
2056 800 2326 863 Aurelio
2400 801 2465 862 in
2528 803 2721 864 colle·

2208 491 2216 524 ‚
2288 410 2738 486 ANvas

1244 904 1425 986 gium
1487 905 2191 986 imperiifvocaretur,
2262 906 2595 977 Caesarie,
2660 915 2727 969 et

1237 1001 1406 1068 ‘Vere‘
1437 1006 1697 1067 nomina
1747 1026 1879 1066 non
1931 1004 2189 1080 habuit,
2253 1018 2319 1066 et
2370 1017 2506 1065 tum
2539 1004 2733 1065 simul

1244 1108 1504 1182 Caesar,
1551 1107 2112 1189 simulAugustus‚
2159 1105 2353 1166 simul
2376 1108 2585 1172 Verus
2602 1104 2735 1167 dic·

1238 1222 1345 1269 tus
1391 1221 1526 1283 est,
1588 1222 1657 1268 ut
1699 1205 1787 1268 ‘ad
1831 1207 1971 1288 ejus
2016 1226 2248 1268 numos
2293 1205 2730 1269 advertemus.

1237 1310 1422 1391 Ergo
1465 1307 1822 1369 seeundum
1872 1307 2055 1391 prius
2115 1305 2286 1369 dicta
2331 1307 2521 1389 hujus
2564 1307 2725 1370 item

1239 1412 1490 1472 amicae
1565 1423 1780 1490 caput.
1822 1422 1922 1469 est
1983 1412 2070 1470 M.
2112 1408 2385 1469 Aurelii.
2444 1410 2528 1469 At
2569 1427 2726 1491 quo-

1238 1532 1382 1571 rum
1422 1512 1549 1571 sint
1579 1510 1728 1570 bina
1764 1529 2031 1569 aversae
2069 1511 2278 1592 capita
2305 1552 2322 1583 ,
2369 1505 2581 1569 ibinus
2617 1527 2728 1569 ex·

1239 1610 1462 1693 pedite
1520 1611 1707 1671 ratio.
1756 1606 2137 1682 Commodi,
2196 1623 2261 1670 et
2319 1607 2516 1669 Annii
2562 1607 2728 1672 Veri

1239 1730 1386 1772 esse
1404 1722 1854 1791 nonpossunt,
1904 1723 1975 1769 ut
1990 1708 2385 1770 Pellerinius
2423 1727 2504 1768 ex
2537 1706 2728 1769 intel·

1139 1853 1144 1856 κ
1236 1812 1415 1873 lecto
1446 1811 1615 1871 male
1646 1810 1923 1890 Haymio
1950 1810 2202 1893 opinari
2240 1809 2534 1879 videtur-3
2575 1828 2723 1870 nam

1234 1912 1308 1974 hi
1328 1910 1607 1974 necdum
1639 1909 1771 1971 nati
1808 1908 1996 1971 fuere
2015 1911 2288 1973 Aurelio
2321 1907 2535 1972 adhuc
2570 1909 2728 1970 Cae·

1235 2033 1403 2077 sare.
1480 2012 1552 2073 Si
1601 2004 1966 2072 sinisterius
2014 2026 2208 2096 caput
2241 2024 2341 2074 est
2377 2007 2722 2092 muliebre,

1232 2113 1412 2199 quod
1440 2113 1791 2175 discrimen
1826 2114 1894 2182 in
1939 2111 2007 2172 id
2041 2131 2247 2194 genus
2276 2111 2491 2172 numis
2529 2129 2723 2192 saepe

1233 2230 1338 2277 est
1398 2213 1706 2288 dubium,
1739 2205 1942 2273 =haud
1994 2212 2190 2273 dubie
2256 2214 2382 2274 erit
2426 2211 2723 2273 Lucillae

1230 2315 1490 2377 Aurelii
1536 2311 1740 2386 filiae,
1816 2326 1882 2375 et
1936 2313 2310 2395 oppositum
2368 2326 2562 2395 caput
2606 2313 2725 2374 Ce-

1227 2415 1395 2498 jonii
1450 2414 1829 2490 Commodi,
1894 2412 2005 2496 qui
2063 2410 2336 2475 subinde
2383 2415 2460 2473 L.
2508 2413 2722 2479 Verus

1230 2515 1445 2580 dictus
1489 2531 1626 2591 est,
1673 2528 1739 2579 et
1765 2535 1911 2578 cum
1945 2513 2065 2575 hac
2094 2513 2352 2577 Lucilla
2392 2512 2724 2575 matrimo-

1225 2619 1340 2680 nio
1368 2619 1651 2701 junctus.

1257 2771 1266 2780 .
1353 2720 1569 2781 Aliter
1631 2718 2050 2794 sentiendum,
2097 2716 2179 2778 de
2223 2736 2464 2792 numo,
2520 2736 2716 2809 quem

1224 2819 1330 2881 his
1358 2820 1575 2883 verbis
1616 2820 1925 2903 proponit
1978 2831 2207 2881 auctor
2251 2816 2464 2878 musei
2499 2814 2716 2877 Theu-

1228 2920 1403 3004 poli,
1451 2922 1631 3004 (pag.
1671 2938 1742 3002 91
1756 2919 1848 3001 3.)

1507 3080 1893 3149 OTHPOC.
1932 3077 2303 3149 KAICAP.
2364 3087 2715 3164 CapntAu·

1502 3189 1605 3248 m‘a‘
1638 3188 1787 3248 Vera·
1819 3191 2082 3250 medum.

1229 3314 1614 3386 cTPlssN.
1658 3318 1960 3386 KABIP.
2046 3325 2273 3403 Capita
2320 3326 2595 3385 adversa
2626 3326 2714 3386 M.

1227 3425 1518 3498 Aurem,
1561 3434 1627 3485 ee
1653 3426 1726 3485 ι.
1767 3427 1915 3485 Veri
1949 3408 2265 3499 laiereata,
2308 3424 2448 3487 ΑΕ.
2480 3426 2595 3489 111.

1247 3578 1250 3579 γ
1350 3515 1532 3585 Istud
1565 3525 1990 3606 praeconium
2023 3526 2078 3584 si
2101 3544 2349 3598 verum,
2395 3536 2588 3606 caput
2604 3545 2710 3586 an-

1221 3620 1394 3685 ticae
1453 3623 1721 3685 alterius
1791 3643 1935 3686 esse
1977 3623 2238 3707 nequit,
2280 3642 2473 3705 quam
2521 3621 2716 3704 hujus

1226 3721 1438 3785 nostri
1470 3722 1666 3784 Annii
1692 3723 1891 3795 Veri,
1938 3743 2086 3785 cum
2121 3727 2210 3785 M.
2241 3722 2550 3785 Aurelius
2581 3722 2715 3805 jam

1207 3843 1511 3912 ,aversam
1532 3822 1860 3885 invaserit.
1920 3824 2187 3908 Alioqui
2224 3843 2347 3907 per
2384 3822 2551 3887 hanc
2585 3823 2719 3886 dis·

1223 3925 1626 4009 putationem
1654 3944 1786 3987 non
1819 3922 1994 3986 istud
2042 3923 2171 4009 egi,
2214 3938 2282 3985 ut
2314 3923 2713 3998 evincerem‚

1222 4025 1441 4089 Annio
1466 4026 1648 4094 Vero
1685 4044 1817 4088 non
1853 4045 2048 4108 posse
2084 4025 2440 4088 convenire
2461 4027 2721 4108 epigra-

1221 4125 1398 4211 phen
1416 4121 1804 4189 OTHPOC.
1852 4124 2230 4201 KAICAP,
2296 4125 2415 4188 sed
2446 4138 2717 4200 tantum,

1229 4248 1306 4292 ea
1341 4227 1537 4290 etiam
1556 4247 1744 4288 usum
1775 4214 2116 4289 Aurelium
2138 4225 2506 4299 Caesarem,
2540 4224 2718 4308 quod

1226 4327 1491 4413 negavit
1521 4327 1625 4390 vir
1654 4327 2248 4416 praestantissimus
2275 4323 2712 4390 Froelichius.

1298 4503 1307 4512 ‚
1355 4426 1598 4512 Exbis,
1641 4446 1808 4511 quae
1838 4424 2036 4488 modo
2054 4425 2407 4508 disputavi,
2442 4444 2719 4512 sequen-

1325 4639 1407 4729 >a)
1443 4636 1578 4715 rag.
1618 4644 1726 4709 915
1763 4644 1821 4693 ez
1855 4644 1983 4710 918·
2127 4636 2198 4712 b)
2236 4637 2403 4699 rom.
2440 4634 2512 4698 11.
2553 4655 2615 4713 p.
2652 4608 2777 4709 ⁶289.

2841 413 3257 488 VERVS.

2845 610 2946 661 tes
2990 600 3262 682 regulae
3302 613 3526 685 suapte
3569 596 3949 686 profluunt.
4042 595 4254 666 Numi
4292 597 4379 658 in·

2850 701 3079 782 scripti

2969 798 3075 865 M.
3096 798 3595 866 ATPHAIOC.
3612 797 3949 865 BHPoc.
3999 797 4161 880 (vel
4172 792 4383 860 OTH-

2844 896 3067 982 POC.)
3108 900 3478 971 KAICAP.
3524 919 3672 968 sunt
3719 918 3997 968 tantum
4042 903 4145 963 M.
4182 901 4384 961 Aure·

2851 1001 2962 1078 lii,
3009 1016 3080 1064 ut
3112 1017 3309 1086 patet,

2972 1098 3474 1170 ATPHAIOC.
3512 1102 3910 1172 OTHPOC.
3995 1097 4384 1165 KAICAP.

2844 1202 3099 1264 Aurelii
3131 1218 3381 1270 tantum
3415 1209 3626 1272 adhuc
3664 1208 3978 1270 Caesaris
4000 1251 4022 1283 ‚
4076 1218 4232 1266 tum
4274 1201 4381 1282 ,his

2839 1305 3209 1368 nominibus
3238 1309 3358 1373 usi.
3430 1313 3577 1372 Non
3608 1329 3880 1392 prorsus
3934 1302 4377 1390 negaverim,

2840 1424 3035 1484 posse
3082 1415 3342 1491 quoque
3379 1424 3757 1493 competere
3803 1412 4124 1476 L.Vero
4164 1407 4375 1485 Aug-s

2842 1526 2990 1569 cum
3022 1508 3258 1570 Graeci
3292 1531 3425 1572 non
3476 1530 3625 1573 raro
3664 1504 4190 1573 CGBACTOT
4229 1505 4374 1565 titu-

2841 1605 2978 1669 lum
3048 1611 3566 1692 suppresserint,
3641 1624 3705 1672 at
3752 1625 3889 1671 tum
3934 1609 4171 1672 facile
4216 1602 4379 1666 indi·

2841 1707 3016 1770 cium
3059 1728 3143 1770 ex
3186 1711 3404 1786 vultu3
3452 1712 3508 1773 si
3554 1710 3939 1793 juvenilior,
3992 1725 4079 1773 et
4146 1705 4375 1769 mode-

2841 1809 3000 1870 stius
3053 1809 3396 1889 barbatus,
3459 1814 3585 1876 erit
3616 1813 3909 1888 Aurelii,
3957 1812 4022 1873 si
4078 1808 4371 1894 promis·

2841 1910 3082 1972 siorem
3118 1911 3384 1974 barbam
3429 1903 3770 1998 appendit,
3833 1914 3914 1976 L.
3951 1911 4168 1978 Veri.

2969 2008 3174 2072 A‘rP.
3229 2010 3546 2077 BHPOC.
3607 2013 3752 2076 vel:
3835 2007 4369 2072 ATPHAIOC.

2837 2106 3223 2176 OTHPOC.
3288 2113 3546 2176 Aurelii
3581 2126 3868 2187 tantum,
3914 2112 4114 2175 forte
4166 2109 4364 2173 etiam

2840 2211 2920 2273 L.
2952 2213 3117 2280 Veri
3136 2216 3305 2297 Aug.
3341 2212 4032 2278 secundumindicium
4073 2214 4150 2275 in
4170 2221 4363 2296 prae·

2841 2312 3118 2376 cedente
3168 2316 3398 2398 regula
3448 2315 3737 2378 allatum.
3813 2320 4079 2378 Auctor
4141 2306 4359 2373 musei

2839 2413 3170 2497 Theupoli
3245 2433 3361 2476 eos
3419 2416 3692 2479 nimium
3774 2412 4215 2478 confidenter
4271 2412 4349 2475 1..

2833 2515 3015 2583 Vero
3048 2517 3218 2598 Aug.
3259 2532 3639 2581 muneratur
3679 2518 3759 2599 ⁸).

2961 2610 3354 2681 OTHPOC.
3381 2615 3735 2681 KAICAP.
3782 2617 3896 2679 Sin
3910 2615 4146 2679 vultus
4168 2607 4352 2673 adul·

2831 2714 2996 2792 tior,
3059 2736 3134 2779 ac
3152 2718 3539 2801 ‘praecipue
3594 2718 3650 2779 si
3683 2715 4021 2778 barbulam
4060 2711 4346 2798 promit-

2834 2816 2948 2891 tit,
2994 2814 3168 2878 haud
3198 2816 3393 2879 dubie
3444 2831 3550 2880 est
3580 2820 3671 2880 M.
3706 2816 3959 2879 Aurelii
3994 2810 4309 2878 Caesaris
4322 2827 4343 2881 ς

2831 2918 2931 2980 sin
2965 2914 3312 2980 admodum
3365 2916 3670 2998 juvenilis
3693 2962 3710 2991 ,
3754 2938 3887 2980 non
3925 2915 4334 2980 diffitebitur

2823 3018 3107 3080 Annium
3156 3019 3426 3085 Verum.
3481 3019 3669 3082 Aliae
3708 3019 4104 3103 peristases,
4180 3035 4339 3099 qua·

2829 3119 2930 3181 les
2966 3140 3159 3202 supra
3195 3118 3510 3195 indicavi,
3552 3120 3944 3203 plerumque
3984 3118 4192 3183 facile
4211 3114 4334 3179 eri·

2831 3219 3068 3283 terium
3129 3218 3655 3303 suppeditabunt.
3726 3221 4092 3310 J’erperam
4156 3216 4373 3299 Ηεγ·1

2834 3320 3003 3381 mius
3042 3340 3310 3381 numum
3365 3320 3459 3383 sic
3493 3320 3877 3404 inscriptum
3921 3318 4211 3403 largitur
4251 3317 4330 3379 1..

2833 3422 3013 3487 Vero
3059 3416 3159 3499 b),
3235 3436 3302 3484 et
3363 3421 3636 3484 nimium
3686 3419 4075 3505 frequenter
4150 3420 4330 3481 hunc

2828 3542 3126 3584 errorem
3190 3534 3365 3584 errat
3415 3534 3645 3585 auctor
3688 3521 3903 3583 Musei
3963 3516 4324 3605 Theupoli.

2830 3622 3134 3687 Observo
3187 3634 3433 3698 tamen,
3500 3641 3850 3707 suppresso
3895 3619 4327 3705 praenomine

2827 3718 2936 3797 A,
2995 3723 3135 3787 sive
3183 3726 3409 3799 Lucii,
3469 3737 3537 3787 et
3588 3723 3780 3786 titulo
3831 3711 4323 3786 CGBACTOT

2827 3843 3023 3906 posse
3050 3824 3244 3896 etiam
3277 3844 3510 3886 numos
3541 3823 3634 3886 sic
3672 3823 4021 3906 inscriptos
4056 3838 4321 3906 compe·

2832 3936 2978 3985 tere
3012 3923 3392 4007 Vero'Aug.
3415 3969 3432 4002 ,
3478 3926 3597 3987 sed
3623 3943 3808 3984 rarus
3843 3926 3971 3985 erit
4011 3925 4068 3985 is
4110 3942 4320 3997 casus,

2834 4044 2908 4086 ac
2953 4036 3091 4086 tum
3139 4024 3241 4084 illi
3281 4024 3863 4107 patrocinabuntur
3904 4024 4319 4096 lineamenta,

2832 4123 3032 4186 barba
3065 4125 3486 4207 promissior,
3530 4125 3781 4188 laurea.
4392 4200 4399 4209 .

2957 4221 3276 4289 BHPOC.
3335 4228 3542 4311 Caput
3593 4222 3885 4309 juvenile
3924 4222 4220 4302 nudum,
4252 4224 4321 4287 in

2831 4345 3069 4402 numo,
3120 4346 3317 4410 quem
3348 4347 3544 4412 supra
3583 4328 3666 4388 ex
3700 4323 3979 4406 Haymio
4028 4325 4316 4389 secundo

2828 4425 2980 4487 loco
3016 4422 3356 4512 descripsi.
3417 4424 3656 4493 Editor
3686 4447 3835 4513 eum
3882 4427 4097 4488 Annio
4139 4429 4317 4495 Vero
