4652 5937
1428 502 2125 581 MAXIMINVS
2195 484 2255 579 1,

3254 498 3393 603 29'5

308 692 433 762 IV.
474 691 1063 772 Anaceplaalaeosae's
1080 708 1289 756 rervm
1304 710 1474 754 anno
1499 692 1655 755 V.C.
1679 698 1803 758 991
1920 666 2008 750 mi
2046 685 2464 752 Alexandrini
2485 689 2558 749 L.
2584 687 2654 748 Α.
2697 708 2900 773 usque
2923 685 3001 752 ad
3034 690 3403 773 proximum

445 796 519 856 P.
548 796 632 855 X.
661 800 811 856 238.
844 794 1185 854 secundum
1220 796 1673 874 praecedentia
1699 810 1810 873 qe-

446 906 711 960 starum.

705 1016 713 1051 l

356 1133 363 1145 .
453 1096 850 1162 Maximinus
878 1095 960 1166 V.
982 1095 1057 1159 C.
1088 1112 1213 1178 990
1247 1093 1511 1159 domitis
1545 1098 1815 1160 Germa·

323 1201 428 1266 nis
483 1203 555 1264 in
602 1197 1006 1261 Pannoniam
1059 1217 1401 1281 regressus
1450 1198 1621 1282 apud
1680 1199 1815 1262 Sir·-

241 1356 249 1363 .
325 1305 531 1378 mium
565 1300 900 1374 hiemavit,
947 1311 1014 1360 et
1047 1302 1261 1363 omnia
1293 1299 1375 1361 ad
1401 1320 1665 1363 vernam
1706 1320 1818 1362 ex-

326 1404 772 1491 peditionem,
838 1399 1141 1484 gentibus
1183 1403 1251 1463 in
1313 1403 1818 1487 septemtriones

246 1549 257 1559 ·
328 1506 560 1589 positis
603 1502 896 1567 facturus
940 1500 1226 1579 bellum,
1274 1504 1691 1585 comparavit.
1735 1507 1815 1570 V.

334 1609 408 1672 C.
464 1626 581 1691 99ι
641 1603 763 1665 sub
809 1603 981 1686 ipsas
1034 1604 1364 1666 Kalendas
1413 1608 1667 1669 Ianuar.
1717 1626 1819 1667 oc·

334 1708 558 1790 coepit
616 1703 770 1767 trib.
821 1716 1213 1786 potestatem
1266 1707 1374 1773 IV.
1461 1710 1665 1770 Forte
1704 1706 1825 1767 ini-

338 1810 433 1873 tio
485 1806 707 1869 Martii
778 1805 1092 1867 Gordiani
1147 1808 1212 1867 in
1272 1808 1492 1870 Africa
1548 1810 1826 1892 impera·

336 1922 519 1973 tores
592 1906 904 1970 adversus
961 1907 1388 1969 Maximinum
1448 1910 1828 1972 salutantur.

339 2010 654 2074 Afrorum
685 2007 993 2091 suffragia
1037 2010 1332 2091 gestiens
1365 2009 1612 2079 laetitia
1651 2031 1833 2073 sena-

340 2126 447 2174 tus
507 2111 860 2194 adprobat,
945 2123 1013 2171 et
1089 2111 1510 2173 Maximinum
1573 2113 1831 2174 bostem

341 2212 609 2294 judicat.
693 2211 822 2270 Die
886 2209 1148 2294 quinto,
1240 2232 1322 2273 ex
1382 2234 1511 2297 quo
1583 2226 1829 2275 motum

344 2314 520 2376 hune
552 2310 882 2374 intellexit
915 2311 1308 2375 Maximinus
1330 2356 1347 2386 ,
1403 2313 1644 2376 Sirmio
1683 2334 1832 2375 cum

350 2413 530 2475 omni
573 2413 871 2475 exercitu
920 2414 1168 2475 Italiam
1226 2433 1457 2477 versus
1502 2413 1835 2498 proficisci

349 2513 582 2598 incipit
639 2514 722 2594 ⁸).
808 2515 1083 2577 Factum
1126 2514 1302 2576 istud
1334 2513 1601 2579 circiter
1644 2516 1835 2577 initio

345 2613 617 2698 Aprilis.
702 2615 939 2677 Paullo
993 2629 1144 2699 post
1196 2618 1370 2679 caesi
1420 2617 1487 2678 in
1536 2617 1757 2680 Africa
1799 2638 1857 2679 a.

350 2715 731 2799 Capelliano
750 2717 1191 2779 Mauretaniae
1224 2731 1655 2801 procuratore
1675 2716 1841 2778 Gor·

354 2816 552 2879 diani.
629 2817 906 2881 Senatus
953 2820 1022 2879 in
1063 2837 1141 2881 re
1192 2818 1447 2901 trepida
1492 2820 1837 2881 Balbinum

351 2932 421 2981 et
496 2918 862 3001 Pupienum
952 2921 1283 3001 Augustos
1365 2918 1688 3004 appellat,
1775 2933 1843 2983 et

352 3017 508 3082 huie
569 3019 818 3082 bellum
865 3022 935 3083 in
988 3019 1409 3082 Maximinum
1479 3020 1841 3084 demandat.

354 3120 703 3188 Maximini·
741 3122 906 3198 iter,
952 3120 1114 3205 'quia
1161 3123 1588 3205 improvisum
1637 3136 1702 3183 et
1751 3119 1847 3183 fe-

358 3224 705 3298 stinatum,
771 3221 858 3284 ob
908 3243 1129 3284 rerum
1173 3223 1690 3302 necessariarum
1737 3223 1848 3284 de-

358 3325 610 3389 fectum
625 3344 819 3407 saepe
837 3323 1215 3406 impeditur,
1251 3324 1623 3392 retardante
1654 3324 1850 3385 etiam

359 3424 635 3489 flumine
682 3425 750 3485 in
792 3425 1133 3510 Aquileiae
1188 3423 1459 3498 vicinia,
1524 3423 1700 3508 quod
1752 3442 1854 3484 so-

361 3526 521 3590 lutis
580 3545 788 3589 verno
848 3540 1150 3609 tempore
1209 3523 1469 3586 nivibus
1539 3523 1671 3585 late
1750 3543 1855 3585 re·

366 3625 728 3711 stagnabat.
790 3629 1091 3689 Exeunte
1120 3626 1334 3708 Aprili
1364 3625 1710 3709 Aquileiae
1741 3624 1859 3686 ob-

367 3728 691 3793 sidionem
746 3728 1004 3790 orditur
1054 3725 1478 3805 Maximinus,
1525 3725 1855 3810 Pupienus

369 3830 545 3914 apud
618 3833 996 3891 Ravennam
1070 3828 1434 3890 exereitum
1502 3838 1856 3909 comparat.

369 3931 570 3995 Nulla
634 3942 911 4013 propter
968 3940 1529 4013 propugnatorum
1576 3929 1862 4010 pertina-

370 4032 538 4106 ciam
586 4029 940 4104 deditionis
987 4048 1102 4110 spe
1151 4029 1543 4091 Maximinus
1594 4028 1674 4090 ab
1716 4028 1862 4090 irri-

372 4135 525 4206 tatis
569 4132 885 4193 militibus
931 4151 1083 4192 cum
1125 4127 1263 4192 filio
1321 4129 1643 4192 occiditur
1684 4128 1860 4190 forte

372 4234 591 4297 medio
627 4232 826 4315 Majo.
913 4232 1246 4314 Pupienus
1280 4231 1348 4292 in
1389 4229 1622 4291 urbem
1664 4229 1860 4305 redit,

373 4350 443 4399 et
481 4356 631 4399 oum
672 4333 950 4416 conlega
981 4331 1258 4394 Balbino
1295 4352 1505 4414 remp.
1531 4342 1861 4414 procurat.

373 4437 671 4519 Vterque
710 4448 990 4496 exeunte
1037 4433 1305 4495 circiter
1347 4432 1514 4495 Iulio
1547 4432 1860 4506 caeditur,

374 4536 750 4602 Gordianus
795 4534 1144 4618 imperium
1189 4534 1477 4609 orditur,
1527 4532 1700 4604 unde
1748 4553 1866 4594 nu-

1923 789 2094 851 diem
2132 790 2367 853 XXIX.
2402 791 2698 872 Augusti.

2049 892 2154 952 En
2186 890 2595 975 probabilem
2631 892 2822 974 hujus
2856 895 3003 957 anni
3043 917 3263 959 rerum
3300 916 3410 983 ge·

1926 1006 2171 1055 starum
2222 991 2461 1053 seriem
2511 1013 2592 1054 ex
2643 992 2888 1056 invicto
2931 1018 3282 1061 numorum
3317 1016 3412 1066 te·

1927 1093 2270 1167 stimonio,
2323 1093 2601 1159 multum
2662 1094 2928 1179 quidem
2989 1099 3412 1167 abludentem

1929 1196 2009 1261 ab
2049 1217 2162 1272 ea,
2208 1215 2373 1279 quae
2415 1195 2774 1256 secundum
2819 1198 3285 1265 historicorum
3324 1219 3418 1269 te-

1934 1297 2234 1360 stimonia
2284 1298 2689 1369 contexitur,
2737 1317 2809 1359 ac
2853 1298 2959 1358 vel
3012 1298 3165 1361 ideo
3203 1304 3418 1367 minus

1932 1398 2379 1484 perturbatam
2426 1420 2498 1460 ac
2556 1397 2893 1474 fallacem,
2941 1401 3247 1482 quoniam
3301 1403 3436 1466 ho·

1933 1522 2082 1564 rum
2138 1498 2528 1583 ‘quisquilias
2577 1513 2642 1561 et
2687 1499 2995 1583 pinguem
3053 1504 3422 1567 Minervam

1933 1600 2387 1664 fastidivimus.
2434 1599 2611 1661 Istud
2661 1614 2943 1675 certum,
2994 1603 3237 1685 optime
3278 1597 3450 1669 eam‘

1940 1703 2294 1767 convenire
2335 1720 2482 1762 cum
2529 1721 2610 1762 eo
2667 1700 2930 1779 ordine,
2979 1724 3173 1788 quem
3218 1707 3429 1768 tenuit

1939 1804 2357 1868 Herodianus
2389 1821 2669 1864 coaevus
2702 1803 2986 1887 scriptor
3009 1805 3132 1874 etsi
3160 1826 3291 1867 non
3323 1805 3434 1869 ad·

1944 1904 2391 1970 curatissimus
2414 1947 2432 1980 ,
2477 1918 2692 1966 tamen
2720 1923 2804 1966 ex
2832 1906 3019 1968 malis
3051 1907 3375 1989 optimum]

2533 2129 2846 2189 ConsuL

2075 2307 2501 2372 Maximinum
2530 2310 2932 2393 processisse
2984 2310 3324 2374 consulem
3352 2314 3436 2381 V.

1950 2407 2024 2475 0.
2070 2414 2226 2493 989,
2276 2411 2580 2473 nimirum
2635 2432 2716 2473 ex
2761 2426 3030 2495 recepto
3071 2434 3254 2476 more
3287 2435 3440 2497 pro·

1949 2515 2143 2578 ximis
2185 2512 2505 2576 Kalendis
2561 2514 2696 2578 Ian.
2764 2516 3158 2577 electionem
3210 2535 3442 2578 conse-

1953 2616 2341 2700 quentibus,
2383 2614 2563 2675 numi
2596 2638 2669 2679 ac
2706 2613 2857 2677 fasti
2884 2614 3155 2691 docent,
3203 2617 3441 2699 quibus

1955 2736 2219 2800 quoque
2272 2717 2547 2777 testibus
2587 2717 2695 2780 bic
2727 2716 2853 2777 fuit
2903 2718 3275 2780 consulatus
3308 2718 3443 2800 pri·

1955 2843 2137 2894 mus,
2182 2818 2368 2878 nullo
2405 2830 2591 2878 antea
2624 2818 2831 2880 altero
2863 2818 3016 2881 huic
3047 2832 3263 2880 terrae
3301 2816 3441 2880 filio

1959 2923 2198 2986 delato.
2246 2918 2474 2981 Serius
2503 2919 2736 2982 iterum
2772 2919 3173 3004 processisse
3210 2939 3445 2983 consu·

1957 3024 2129 3100 lem,
2189 3023 2494 3106 ignorant
2525 3104 2532 3112 ⁸
2559 3020 2738 3083 numi
2817 3021 3134 3106 fastique3
3211 3042 3446 3084 verum

1958 3124 2062 3187 bis
2105 3125 2253 3208 plus
2303 3123 2465 3186 vidit
2503 3123 2980 3186 oculatissimus
3021 3124 3446 3208 Capitolinus,

1961 3247 2091 3310 quo
2118 3238 2285 3286 teste
2326 3227 2422 3288 sic·
2462 3247 2498 3286 a
2534 3238 2759 3286 senatu
2802 3224 3098 3307 Pupieno
3135 3239 3198 3287 et
3229 3224 3450 3286 Balbi·

1961 3346 2049 3387 no
2097 3324 2221 3387 fuit
2261 3324 2729 3386 adclamatumz
2778 3336 3178 3404 praesentem
3213 3345 3454 3387 annum

1967 3427 2083 3504 (V.
2125 3426 2197 3486 C.
2241 3425 2419 3505 qqu.)
2467 3427 2755 3485 consules
2798 3445 2912 3485 vos
2944 3427 3213 3498 ornetis,
3258 3429 3328 3485 in
3364 3429 3456 3487 lo-

1966 3547 2109 3589 cum
2126 3527 2477 3587 Maximini
2508 3526 2876 3587 Gordianus
2892 3527 3271 3603 sufficiatur.
3305 3526 3456 3586 Non
3511 3535 3528 3540 “

1969 3639 2194 3700 vacat,
2239 3623 2409 3688 hanc
2446 3625 2896 3709 quaestionem
2951 3623 3212 3707 longius
3259 3624 3461 3708 agita-

1968 3747 2080 3802 re,
2144 3746 2339 3811 quam
2413 3723 2669 3787 abunde
2742 3722 3054 3786 decidunt
3111 3723 3253 3806 ejus
3296 3724 3462 3787 ,anni

1970 3827 2193 3899 numi,
2251 3846 2416 3910 quos
2460 3825 2826 3902 attulimus,
2870 3827 2940 3887 in
2997 3825 3230 3909 quibus
3276 3845 3464 3910 prae-

1973 3942 2080 3991 ter
2110 3927 2261 3990 trib.
2291 3939 2683 4009 potestatem
2701 3927 2814 3993 lv.
2837 3925 3084 4010 legitur
3102 3927 3290 3989 COS.
3311 3928 3465 3988 sim-

1975 4029 2152 4111 plex.
2232 4026 2355 4088 His
2405 4027 2461 4088 si
2497 4025 2693 4089 fidem
2737 4027 3071 4089 habuisset
3106 4028 3466 4088 Tillemon·

1977 4130 2142 4208 tius,
2189 4147 2461 4191 necesse
2499 4148 2633 4189 non
2679 4128 2948 4200 fuisset,
2979 4126 3171 4189 thunc
3207 4128 3467 4211 Capito-

1977 4226 2097 4288 lini
2135 4228 2390 4303 locum,
2435 4241 2508 4289 ut
2551 4227 2774 4310 inepte
2806 4227 3214 4311 propositum
3259 4242 3328 4291 et
3358 4229 3468 4292 ab-

1978 4329 2247 4392 surdum
2270 4371 2287 4403 ,
2333 4328 2424 4390 ita
2457 4340 2685 4410 suapte
2724 4328 3142 4417 mendacem,
3187 4329 3473 4413 explica·

1977 4431 2161 4494 tione
2197 4428 2458 4492 mollire
2488 4427 2575 4510 1ὶ).
2621 4431 2870 4491 Nomos
2889 4429 3225 4492 Maximini
3243 4429 3472 4492 inscri-

1976 4545 2128 4615 ptos
2163 4531 2356 4595 cOS.
2393 4531 2473 4591 11.
2526 4529 2766 4594 sinceri
2814 4531 3097 4614 catalogi
3142 4532 3472 4616 ignorant.

394 4671 3464 4708 W

446 4771 509 4839 a)
548 4763 873 4825 Herodian.
1052 4762 1122 4834 b)
1164 4760 1319 4819 Nota
1354 4759 1430 4820 V.
1470 4759 1533 4823 in
1569 4757 1867 4817 Maximin.
