4652 5937
1422 511 2119 616 GORDIANVS
2189 530 2319 604 111.

335 742 412 804 P.
460 740 550 802 Μ.
591 739 732 801 ΤΒ.
774 689 850 799 P.
888 736 969 797 11.
1009 727 1198 796 003.
1233 726 1310 791 P.
1341 726 1421 790 P.
1474 718 1826 806 Impar-'ator

194 908 203 915 ,
330 844 587 904 velatus
632 850 812 903 stans
868 840 964 901 ad
1018 854 1202 897 aram
1264 821 1604 911 odorificat.
1683 825 1823 891 AR.

340 943 543 1025 (Mus.
578 941 797 1021 caes.)

689 1081 764 1140 V.
813 1078 873 1139 C.
917 1082 1062 1140 993.
1108 1076 1181 1134 Ρ.
1226 1073 1308 1133 Χ.
1351 1076 1498 1132 240.

352 1184 478 1245 ΤΒ.
521 1182 597 1243 Ρ.
638 1180 767 1241 ΙΙΙ.
808 1177 982 1239 COS.
1027 1174 1224 1235 DES.
1273 1173 1364 1234 ΙΙ.
1410 1174 1481 1231 Ρ.
1528 1172 1613 1232 Μ.
1645 1170 1717 1231 Ρ.
1756 1169 1828 1229 Ρ.

797 1277 1021 1341 PIVS.
1068 1274 1353 1335 FELIX.

629 1383 879 1444 Sabt’no
922 1380 1052 1451 11.‚
1106 1379 1379 1436 Venusto
1422 1393 1549 1435 coe.

471 1544 634 1611 Iron·
656 1557 765 1609 aut
799 1552 1115 1626 sequente
1147 1558 1316 1600 anno
1347 1536 1731 1600 Sabinianus
1765 1534 1836 1596 in

350 1649 582 1713 Africa
623 1643 970 1730 imperium
1010 1638 1293 1715 invadit,
1340 1639 1459 1702 sed
1508 1663 1544 1702 a
1578 1643 1839 1701 Maure-

351 1752 563 1814 taniae
595 1745 898 1833 praeside
920 1744 1128 1808 victus
1162 1761 1427 1804 suorum
1462 1739 1835 1823 proditione

354 1853 635 1934 capitur.
660 1848 1039 1913 Gordianus
1054 1843 1489 1927 Viminacium
1512 1839 1839 1903 coloniam

352 1952 650 2026 deducit,
698 1970 864 2035 quae
905 1948 985 2010 ab
1035 1947 1162 2009 hoc
1201 1965 1369 2008 anno
1409 1962 1626 2006 aeram
1658 1961 1840 2003 suam

356 2053 559 2118 ducit.
602 2051 773 2122 Vide
809 2050 950 2135 ejus
988 2067 1242 2112 numos.

1094 2149 1135 2187 s

930 2195 969 2233 ι
1259 2190 1298 2228 ι

642 2260 669 2318 1
677 2258 818 2319 MP.
840 2249 1376 2318 GORDIANVS.
1410 2246 1627 2314 PIVS.
1647 2246 1844 2309 FEL.

639 2358 842 2425 AVG.
921 2362 1121 2436 Caput
1170 2356 1525 2441 laurent-um
1570 2352 1640 2409 in
1676 2345 1843 2419 AV.

643 2464 784 2523 ΑΕ.
814 2464 869 2522 1.
902 2460 993 2520 11.
1024 2462 1172 2519 item
1208 2455 1279 2512 in
1318 2455 1457 2512 AB.
1496 2452 1676 2511 soliti
1716 2471 1845 2511 mo·

646 2565 787 2623 dala·
803 2605 821 2636 ‚
865 2563 1188 2622 radiatum
1218 2561 1464 2619 ira-AR.
1495 2561 1651 2635 maj.
1682 2554 1846 2614 mod.

652 2666 916 2725 Plenum
948 2662 1216 2722 FELIX
1243 2663 1313 2721 in
1337 2662 1472 2723 ΑΕ.
1493 2679 1668 2719 max.
1684 2657 1847 2717 mod.

364 2769 446 2830 P.
478 2766 567 2847 Μ.
598 2766 736 2827 ΤΒ.
774 2765 848 2825 Ρ.
871 2762 980 2823 111.
1012 2760 1199 2824 cOS.
1232 2764 1307 2824 P.
1342 2763 1418 2824 P.
1450 2763 1619 2841 typis
1646 2759 1851 2820 variis

368 2874 441 2930 in
472 2868 649 2930 omni
677 2867 932 2927 metallo
965 2873 1030 2925 et
1045 2866 1285 2945 forma.

689 2972 934 3030 Eadem
963 2971 1256 3031 adversa.

372 3073 448 3132 P.
488 3073 581 3133 Μ.
623 3070 767 3131 ΤΒ.
794 3071 871 3130 Ρ.
907 3070 1016 3132 111.
1058 3067 1246 3131 cos:
1286 3067 1363 3127 11.
1403 3066 1479 3131 P.
1496 3068 1575 3127 P.
1621 3066 1855 3145 Apollo

373 3176 742 3238 seminudus
768 3174 990 3232 sedens
1010 3172 1228 3249 forma
1240 3172 1439 3248 plane
1455 3169 1768 3241 mullebri,
1800 3168 1865 3230 d.

376 3289 598 3340 tenens
630 3276 803 3335 laun·
830 3291 1107 3344 ramum,
1151 3292 1204 3330 s.
1238 3273 1418 3348 lyrae
1455 3272 1740 3331 inuia-us.
1785 3270 1865 3327 In

380 3379 538 3440 aliis
580 3378 706 3436 alii
736 3377 871 3452 typi
909 3376 976 3432 in
1008 3374 1182 3434 omni
1210 3365 1558 3430 metallo'et
1581 3369 1825 3446 for-ma.

3278 498 3416 611 „ui

2067 718 2277 804 Sapot·
2293 717 2646 777 Persarum
2677 732 2828 787 rex,
2875 702 3052 773 filius
3084 710 3224 795 ejus
3243 711 3426 775 Arta·

1939 820 2193 895 xerxis,
2254 818 2368 902 qui
2420 818 2666 881 eversis
2715 800 3043 877 Arsacidis
3094 813 3428 876 Parthiam

1939 923 2178 984 iterum
2206 920 2430 981 Persis
2464 916 2781 999 subjecit,
2828 929 2899 976 ut
2931 915 3176 977 dictum
3214 915 3281 975 in
3311 913 3432 977 im·

1938 1023 2128 1109 perio
2165 1020 2523 1082 Alexandri
2554 1018 2817 1088 Severi.
2866 1017 3167 1080 omnibus
3220 1017 3428 1100 copiis

1939 1119 2482 1204 Mesopotamiam
2544 1119 2855 1180 Romanis
2919 1118 3277 1213 subjectam
3322 1139 3435 1200 ag-

1944 1242 2210 1310 gressus
2241 1240 2373 1282 non
2409 1220 2751 1282 ocientem
2788 1216 3021 1295 modo,
3070 1218 3186 1280 sed
3224 1221 3435 1303 ipsam.

1949 1324 2199 1387 ltaliam
2243 1335 2503 1384 terrore
2540 1319 2860 1403 implevit.
2930 1324 3236 1404 Ingentes
3267 1321 3435 1383 Gor·

1950 1425 2127 1490 diani
2159 1423 2471 1485 adversus
2508 1420 2766 1481 hostem
2802 1436 3296 1504 praepotentam
3329 1443 3439 1505 ap·

1948 1540 2230 1611 paratus.
2274 1525 2423 1587 Hoc
2464 1542 2631 1584 anno
2673 1520 3000 1584 Sabiniam
3046 1521 3444 1609 Tranquilli·
3565 1540 3566 1547 ¹

1949 1650 2099 1691 nam
2137 1645 2412 1689 uxorem
2442 1623 2646 1686 ducit.
3463 1624 3466 1627 ’

2508 1803 2548 1843 ὓ
2672 1760 2710 1798 *
2834 1803 2874 1843 ὓ

2224 1885 2518 1943 Adversa
2539 1923 2555 1954 ‚
2601 1890 2676 1942 ut
2705 1900 2875 1942 anno
2895 1885 3330 1959 praecedente.

1952 2005 2030 2067 P.
2058 2005 2150 2065 M.
2190 2001 2331 2063 ΤΒ.
2364 2001 2439 2061 P.
2476 1999 2618 2061 1111.
2653 1998 2848 2062 COS.
2884 2001 2962 2058 11.
2997 2001 3069 2059 P.
3119 2002 3194 2064 P.
3239 2005 3444 2065 variis

1956 2108 2125 2193 (yps-5
2157 2106 2228 2167 in
2262 2104 2439 2163 omni
2472 2103 2728 2161 metallo
2765 2111 2830 2160 et
2844 2103 3088 2178 forma.

2243 2202 2420 2264 IMP.
2453 2200 2982 2265 GORDIANVS.
3041 2200 3260 2269 PNS.
3303 2202 3450 2264 FE-

2243 2303 2419 2364 LIX.
2439 2300 2637 2369 AVG.
2662 2305 2948 2362 Protome
2971 2305 3291 2364 Gordiani
3308 2307 3449 2366 lau·

2243 2415 2427 2466 reatu
2464 2424 2605 2467 cum
2641 2413 2791 2483 toqa
2816 2406 2996 2476 picta
3041 2408 3104 2465 d.
3138 2414 3450 2484 sceptrum

2244 2527 2387 2567 cum
2432 2507 2680 2587 aquila.

1962 2640 2437 2706 PONTIFEX.
2479 2641 2688 2705 MAX.
2726 2644 2869 2702 TR.
2899 2644 2973 2705 P.
2999 2641 3450 2707 1111.COS.11.

1964 2749 2041 2810 P.
2076 2748 2150 2806 P.
2187 2747 2541 2821 Imperator
2583 2743 2654 2804 in
2685 2747 3022 2826 quadriqis
3055 2766 3355 2826 equorum
3387 2748 3448 2807 d..

1966 2850 2146 2930 lauri⁸
2168 2866 2433 2929 ramam,
2463 2865 2514 2908 s.
2535 2856 2844 2925 sceptrum
2864 2866 3003 2906 cum
3021 2849 3265 2927 aquila,
3284 2867 3456 2924 ponc

1965 2951 2215 3012 insistit
2246 2933 2568 3022 Victorib‚
2604 2950 2938 3029 praecedit
2970 2949 3186 3020 mile-³,
3223 2951 3456 3031 etfiyu-

1970 3070 2083 3112 rae
2123 3053 2300 3111 altae
2345 3070 2487 3110 cum
2523 3053 2785 3128 palmae
2830 3052 3048 3109 rame'S.
3111 3049 3249 3113 ΑΕ.
3290 3070 3455 3111 max.

1977 3150 2159 3215 mod.
2189 3150 2370 3233 dupl.
2401 3162 2554 3210 met.
2592 3151 2793 3229 (Mus.
2829 3148 3116 3229 Albani.)

2103 3250 2386 3311 Illustris
2421 3249 2529 3312 hie
2562 3270 2795 3311 numus
2835 3252 3145 3333 proponit
3191 3250 3464 3315 Gordia·

1978 3352 2048 3414 ni
2084 3371 2467 3434 processum
2513 3351 2922 3412 consularem
2982 3351 3107 3411 hoc
3149 3373 3318 3412 anno
3364 3374 3466 3415 ac-

503 3477 609 3537 De
644 3472 961 3557 singulari
995 3471 1448 3555 phaenomeno
1491 3466 1710 3530 iterati
1745 3463 1914 3525 subs
1980 3466 2138 3515 tum.
2186 3450 2318 3545 Qui
2347 3450 2412 3510 in
2441 3471 2520 3512 eo
2556 3449 2959 3532 triumphum
2993 3449 3322 3536 viderunt,
3369 3471 3471 3512 re-

383 3577 620 3640 eodem
677 3575 1007 3637 tribunatu
1067 3569 1439 3634 consulatus
1513 3581 1745 3651 agetur
1798 3564 1867 3624 in

320 3701 336 3721 ¹
382 3692 663 3744 tractatu
707 3675 790 3738 de
840 3674 989 3737 trib.
1035 3685 1379 3755 potestate.
1457 3668 1695 3752 Apollo
1741 3667 1869 3729 hoc

384 3783 569 3847 cultu
600 3778 912 3859 deinceps
945 3774 1013 3835 in
1048 3771 1363 3836 Gordiani
1395 3769 1604 3832 numis
1620 3766 1874 3853 perfre-

386 3903 615 3969 quens.
680 3879 1001 3943 Stolatum
1036 3874 1160 3937 iam
1203 3873 1480 3934 vidimus
1517 3870 1582 3931 in
1613 3880 1873 3930 moneta

385 3981 707 4068 Augusti,
751 3997 987 4059 nempe
1024 3975 1303 4037 Actium.
1381 3974 1486 4034 De
1545 3970 1875 4056 Apolline,

387 4083 644 4148 formae
678 4079 760 4143 ad
796 4078 1141 4142 mulierem
1192 4073 1564 4139 accedentis
1616 4072 1760 4135 vide
1809 4071 1874 4130 in

394 4187 710 4265 Descripta·
712 4204 794 4245 on
830 4185 942 4243 eles
969 4183 1211 4257 pler-ree
1255 4180 1344 4238 du
1384 4178 1520 4239 Duc
1547 4176 1605 4237 d
1614 4177 1877 4237 Orleans

401 4293 467 4350 T.
501 4290 553 4348 Ι.
583 4306 650 4362 p.
688 4293 828 4350 197.

728 4490 802 4547 V.
852 4490 914 4548 e.
955 4493 1103 4550 994.
1132 4465 1139 4472 ‘
1170 4487 1241 4547 P.
1286 4485 1367 4544 Χ.
1414 4489 1559 4544 241.

403 4597 526 4656 ΤΒ.
572 4594 644 4653 Ρ.
696 4592 809 4651 IV·
843 4589 1017 4649 COS.
1054 4589 1146 4648 ΙῙ.
1182 4588 1252 4647 P.
1300 4587 1387 4645 M
1432 4586 1502 4643 P.
1547 4585 1621 4643 P.
1662 4580 1881 4641 PIVS.

988 4731 999 4750 2
1053 4689 1238 4758 FEL.

400 4797 732 4857 Gordiano
752 4792 917 4870 Any.
941 4790 1028 4850 ΙΙ.
1047 4832 1065 4861 ,
1102 4775 1318 4848 Civiciz
1341 4788 1722 4862 Pompejano
1754 4803 1881 4845 cos.

1980 3552 2366 3615 futabuntur
2394 3551 2458 3612 in
2485 3563 2762 3614 tractatu
2799 3550 2879 3611 de
2910 3549 3286 3612 oonsulibus
3312 3551 3470 3613 Cae·

1986 3654 2261 3716 saribus.
2304 3652 2571 3738 Alioqui
2608 3652 2690 3714 de
2726 3615 2917 3735 huj'us
2953 3651 3100 3713 anni
3141 3647 3472 3734 triumpho

1988 3754 2149 3818 nibil
2197 3766 2473 3817 constat.

1998 4054 2007 4058 ⁶
2179 4010 2182 4014 ,
2330 3961 2402 4019 V.
2450 3959 2512 4016 C.
2557 3965 2702 4021 995.
2749 3958 2818 4016 P.
2866 3960 2947 4018 X.
2993 3964 3138 4019 2122.

2002 4060 2121 4123 ΤΒ.
2172 4062 2238 4121 Ρ.
2290 4062 2362 4119 V.
2416 4062 2590 4121 COS.
2641 4063 2727 4121 11.
2777 4063 2844 4119 Ρ.
2883 4063 2966 4121 Μ.
3011 4061 3083 4119 Ρ.
3131 4059 3199 4117 Ρ.
3254 4058 3476 4121 PIVS.

2637 4163 2821 4222 FEL.

1999 4265 2060 4323 C.
2114 4264 2321 4324 Vettio
2367 4266 2615 4336 Attica,
2663 4264 2748 4320 C.
2767 4309 2774 4328 ,
2793 4262 3026 4323 Asinio
3076 4264 3480 4323 Praetextato

2531 4395 2534 4402 ·
2679 4383 2806 4425 cos.

2124 4569 2494 4634 Gordianus
2553 4566 2714 4628 urbe
2777 4583 3083 4647 egressus
3143 4557 3263 4649 per
3304 4566 3488 4626 Moe·

1997 4672 2160 4734 siam
2209 4670 2687 4753 Thraciamque
2724 4667 2789 4727 in
2839 4669 3096 4737 Asiam.
3157 4681 3348 4750 atque
3396 4665 3489 4725 in-

2000 4773 2083 4838 de
2129 4773 2195 4835 in
2232 4773 2498 4853 ,Syriam
2559 4769 2915 4835 contendit.
3006 4773 3257 4832 Annum
3309 4768 3482 4829 hunc
