4652 5937
1456 403 2184 481 GALLIENVS.

278 613 362 661 se
396 593 811 660 vindicatam.
879 589 967 655 At
1011 588 1183 654 cnim
1233 587 1385 652 satis
1420 545 1778 665 constabat,

280 696 601 776 maluisse
657 713 807 758 eum
868 707 1120 779 patrem
1161 691 1523 776 captivum,
1586 714 1793 777 quam

279 793 613 873 liberum,
675 796 862 880 cujus
925 793 1143 858 severi
1201 812 1422 857 mores
1464 810 1784 880 perpetua

285 899 487 963 fuere
531 918 790 962 morum
836 915 1103 958 suorum
1167 914 1465 958 censura.
1558 894 1780 990 Quare

284 1021 435 1082 non,
491 1014 624 1063 tam
688 995 1094 1071 mirandum,
1169 994 1374 1056 fuisse
1432 995 1781 1080 aliquando

281 1100 658 1186 principem
701 1097 831 1159 hoc
863 1096 1144 1158 nomine.
1179 1083 1520 1181 indignum
1571 1119 1608 1161 a
1646 1096 1780 1158 suis

283 1222 592 1278 caesum,
637 1220 829 1284 quam
879 1197 961 1260 ad
999 1196 1390 1261 domandum
1429 1197 1559 1262 hoc
1605 1218 1789 1260 mon-

288 1317 503 1367 strum
547 1314 678 1363 tam
734 1299 949 1361 seruth
1018 1312 1355 1381 repertum
1401 1300 1785 1365 Herculem.

293 1405 466 1467 Sunt
505 1416 760 1478 tamen,
808 1401 921 1485 qui
959 1401 1178 1462 mitius
1221 1400 1303 1462 de
1336 1398 1640 1462 Gallieno
1687 1399 1788 1482 ju-

295 1506 564 1579 dicent,
628 1517 700 1564 ut
751 1501 1117 1564 observabo
1178 1501 1347 1563 infra
1391 1500 1471 1561 ad
1516 1516 1786 1562 numum

294 1627 537 1690 vagum
583 1624 731 1666 eum
799 1601 1156 1685 epigraphe
1189 1599 1549 1694 VBIQVE.
1589 1602 1788 1666 PAX.

298 1709 501 1772 Certe
562 1704 865 1767 Zosimus
925 1703 1279 1786 impigrum
1357 1723 1508 1765 eum
1568 1702 1791 1787 potius

290 1825 665 1890 navumque
707 1801 897 1882 facit,
946 1818 1011 1866 et
1057 1803 1221 1867 nihil
1273 1804 1358 1865 de
1402 1799 1578 1867 tant'a
1607 1801 1793 1887 flagi-

292 1908 540 1972 tiorum
577 1905 868 1970 colluvie
902 1917 1244 1969 memorat.
1325 1905 1560 1988 Fuisse
1592 1905 1791 1967 etiam

291 2007 592 2093 tempus,
638 2024 769 2090 quo
795 2004 1047 2067 bellum
1080 2006 1147 2066 in
1181 2007 1419 2068 Persas
1462 2005 1545 2066 ad
1582 2004 1795 2068 vindi-

299 2111 581 2173 candum
643 2120 899 2191 patrem
971 2105 1272 2189 parabat,
1344 2103 1561 2168 refert
1629 2108 1793 2173 Tre·

298 2209 543 2272 bellius
576 2210 648 2285 ⁸).

426 2311 616 2377 onr
651 2312 831 2373 Corn.
864 2300 1189 2371 Salonina
1210 2351 1229 2384 ,
1272 2305 1356 2371 de
1388 2326 1515 2395 qua
1554 2303 1744 2370 infr&

834 2490 1192 2574 'Numfe

583 2710 1106 2779 GALLIENVS.
1168 2711 1367 2780 AVG.
1445 2714 1652 2790 Caput
1686 2735 1791 2776 ra-

583 2819 857 2888 diatum.

299 2920 379 2985 P.
420 2915 512 2984 Μ’.
565 2920 708 2980 TR.
748 2918 822 2978 Ρ.
870 2914 1047 2982 XVI.
1093 2911 1283 2980 COS.
1334 2917 1475 2985 Vn.
1556 2918 1793 2980 Mulier

302 3032 484 3084 stans
516 3025 580 3082 d.
605 3022 897 3101 globum,
938 3039 992 3079 s.
1024 3020 1298 3084 kastam.
1341 3019 1483 3081 AR.
1507 3015 1648 3087 ΑΕ.
1680 3018 1790 3081 111.

305 3121 563 3200 (Band.)

662 3314 669 3315 7
786 3321 1030 3384 Numa·
1068 3322 1283 3411 vaqiz

436 3524 729 3599 Horum,
789 3519 1093 3606 quoniam
1137 3535 1336 3585 notae
1380 3521 1801 3607 chronologi-

313 3642 425 3688 cae
471 3622 600 3706 jam
650 3625 1044 3707 plerumque
1095 3622 1368 3699 absunt,
1413 3638 1480 3687 et
1513 3622 1799 3689 Gallieni

311 3726 659 3812 imperium
711 3723 778 3786 in
832 3744 1070 3787 annum
1117 3724 1290 3795 XVI.
1349 3725 1643 3801 duravit,
1706 3720 1804 3785 in-

314 3826 648 3891 credibilis
701 3838 800 3888 est
844 3823 1052 3907 copia.
1137 3827 1390 3889 Eorum
1436 3847 1568 3888 non
1609 3824 1801 3908 pauci

311 3944 502 4014 typos
543 3925 913 4012 argumenti
966 3944 1096 3987 non
1143 3924 1456 4009 ignobilis
1493 3925 1801 4003 offerunt,

312 4044 384 4095 ut
432 4029 600 4094 adeo
659 4045 901 4112 operae
953 4025 1239 4109 pretium
1296 4028 1636 4106 videatur,
1693 4026 1801 4090 iis·

316 4131 463 4195 dem
496 4127 944 4194 describendis
979 4127 1240 4211 longius
1270 4129 1630 4194 immorari.
1674 4131 1806 4191 Lu·

314 4232 425 4296 bet
450 4233 817 4295 universam
848 4228 990 4312 ejus
1027 4245 1353 4294 monetam
1389 4231 1457 4293 in
1491 4232 1608 4300 lv.
1638 4229 1804 4294 clas-

318 4353 419 4397 ses
453 4334 746 4397 tribuere
771 4377 787 4410 ,
834 4354 1105 4418 quarum
1143 4334 1190 4392 Ι.
1211 4333 1522 4410 Numina,
1568 4333 1646 4393 11.
1685 4351 1806 4392 nu·

317 4453 457 4498 mos
508 4435 943 4519 expeditionis
1009 4435 1475 4513 Germanicae,
1534 4437 1650 4499 111.
1710 4434 1804 4498 le·

350 4605 629 4725 ¹a)⁸Cap.
665 4655 720 4712 3.
866 4646 938 4721 b)
978 4649 1124 4724 Cap.
1163 4660 1218 4714 5.

3229 422 3375 504 395

1899 588 2165 675 giones,
2212 589 2326 663 IV.
2360 608 2595 655 numos
2636 608 2858 675 vagos—
2882 587 3178 677 reliquos
3215 608 3392 659 com-

1876 692 2248 778 plectetur.

2441 916 2496 978 Ῑ.
2544 911 2851 979 Numina.

2026 1096 2426 1171 Trebellius,
2448 1111 2792 1182 postquam
2818 1096 3229 1162 incursiones
3250 1096 3396 1160 bar·

1899 1195 2248 1276 barorum‚
2311 1199 2488 1261 bella
2539 1199 2791 1276 civilia,
2854 1214 2921 1262 et
2970 1212 3248 1284 urgente
3287 1219 3400 1283 pc·

1903 1313 2040 1375 ste,
2106 1313 2324 1362 terrae
2385 1298 2709 1376 motibus,
2772 1299 3049 1362 marium
3117 1300 3401 1363 exunda-

1901 1400 2189 1462 tionibus
2247 1399 2430 1483 quasi
2481 1400 2802 1462 malorum
2854 1400 3127 1484 quadam
3173 1399 3400 1482 conju·

1900 1502 2155 1563 ratione
2193 1519 2543 1563 concussas
2588 1501 2768 1562 orbis
2799 1516 3019 1584 partes
3061 1499 3400 1577 edixisset,

1905 1601 2119 1663 addit:
2153 1624 2302 1681 pax
2333 1605 2535 1681 t'yitur
2551 1607 2734 1663 deum
2771 1608 3067 1684 quaesita
3100 1606 3401 1683 inspectis

1904 1705 2200 1784 Sibyllae
2235 1705 2420 1764 libris·
2440 1746 2456 1778 ‚
2491 1705 2866 1784 factumque
2917 1707 3063 1764 Iovi
3098 1706 3401 1780 salutari,

1903 1816 1980 1868 ut
2009 1815 2418 1884 praeceptum
2451 1807 2704 1882 fuerat,
2750 1803 3132 1884 sacreficium
3165 1801 3246 1883 b).
3302 1805 3405 1867 En

1905 1925 2098 1967 causa
2145 1904 2598 1966 invocatorum
2653 1917 2750 1964 tot
2802 1906 3171 1979 numinum,
3234 1925 3402 1988 quae

1905 2004 2165 2067 mederi
2198 2003 2301 2065 his
2337 2005 2525 2066 malis
2572 2023 2767 2085 posse
2816 2004 3284 2079 credebantur,
3333 2018 3403 2068 et

1866 2093 2207 2166 f'monetae
2255 2105 2382 2187 ipsi
2433 2105 2872 2181 insertorum,
2952 2125 3229 2189 quorum
3291 2105 3406 2170 hie

1905 2206 2228 2290 syllabam
2265 2205 2514 2270 damu&

2421 2421 2868 2510 Aesculapius.

2032 2609 2717 2679 CONSERVATOR.
2736 2613 2938 2680 AVG.
2979 2614 3404 2694 Aesculapius

1905 2721 2088 2773 stans
2121 2716 2297 2775 cultu
2329 2718 2541 2776 solito.
2587 2713 3017 2796 AR.(Ban‹1.)
3050 2711 3321 2778 addito
3302 2734 3399 2776 m·

1902 2811 2006 2877 fra
2031 2814 2229 2885 Vuc.
2256 2815 2398 2878 ΑΕ.
2433 2816 2544 2880 111.
2579 2817 2773 2892 (Mus.
2813 2815 3031 2895 Caes.)

2522 2988 2782 3066 Apollo·

2031 3117 2419 3183 APOLLO.
2443 3118 2816 3186 GONSER.
2838 3126 2945 3187 vel
2951 3149 2973 3187 .-
2993 3120 3403 3189 APPOLLI-
3479 3114 3498 3120 ”

1905 3219 2021 3283 Nl.
2059 3221 2554 3289 CONSERVA.
2594 3226 2738 3301 Ipse
2757 3229 2967 3285 nudus
2995 3235 3177 3285 stans
3200 3230 3266 3289 d.
3299 3245 3406 3287 ca-

1900 3323 2031 3400 pitz·
2045 3324 2370 3397 imposita,
2407 3342 2458 3381 s.
2479 3323 2684 3398 lyram
2702 3345 2890 3403 super
2907 3326 3220 3400 columna,
3255 3325 3402 3388 vele

1903 3423 2139 3500 Apollo
2168 3431 2347 3494 stans
2364 3424 2424 3481 d.
2447 3442 2692 3481 ramum
2709 3465 2726 3496 ,
2754 3444 2807 3487 ⁸.
2841 3425 3066 3502 lyram.
3102 3425 3242 3489 AR.
3267 3401 3403 3487 Ali.

1910 3522 1959 3581 1.
2002 3520 2083 3581 11.
2120 3524 2314 3602 (Mus.
2346 3522 2564 3600 Caes.)
2601 3522 2747 3585 vel:
2792 3527 2937 3604 Ipse
2971 3536 3151 3587 stam
3195 3531 3258 3587 d.
3301 3529 3411 3589 de-

1909 3610 2112 3684 missa
2131 3624 2308 3685 lauru·
2322 3642 2588 3699 ramum,
2603 3629 2864 3687 sinistro
2883 3629 3104 3687 brachi
3104 3648 3142 3688 0
3160 3646 3409 3707 serpen-

1915 3734 2040 3787 tem
2073 3727 2615 3789 circumvolutum.
2653 3723 2926 3806 AE‚'111.
2968 3726 3291 3807 (Tanini.)
3361 3758 3376 3775 x

2040 3824 2485 3888 APOLLINI.
2529 3827 2779 3892 CONS.
2812 3828 3013 3897 AVG.
3062 3832 3408 3892 Centaurus

1916 3945 2139 3987 arcum
2161 3929 2511 4004 Intendens,
2549 3934 2656 3992 vel
2677 3936 2737 3992 d.
2761 3934 3021 4011 qlobum
3039 3976 3056 4007 ,
3102 3952 3155 3994 s.
3180 3934 3409 4013 yuber-

1916 4029 2239 4092 naculum.
2281 4028 2354 4089 In
2375 4030 2555 4093 aliis:
2604 4036 2913 4113 θηρήια.
2957 4033 3098 4097 AR.
3121 4033 3259 4096 ΑΕ.
3294 4023 3406 4096 111.

1918 4128 2154 4210 (Band.
2188 4131 2357 4191 Mus.
2397 4134 2614 4214 Caes.)

2041 4228 2604 4297 APOLL1.PA1..
2630 4235 2698 4299 8.
2718 4236 2793 4299 P.
2817 4234 2897 4331 Q.
2915 4238 2996 4298 R.
3023 4238 3256 4318 Apollo
3284 4245 3410 4299 sto·

1918 4337 2090 4397 latus
2128 4344 2309 4398 stam
2337 4339 2400 4396 d.
2431 4338 2673 4418 lyram,
2715 4359 2771 4402 s.
2798 4340 3068 4402 kastam.
3117 4334 3265 4404 ΑΕ.
3295 4337 3404 4400 111.
3481 4418 3494 4429 “

1916 4435 2203 4517 (Tanini.
2205 4436 2239 4518 )

2608 4719 3003 4809 'nasa
