4652 5937
1616 306 1667 317 ...—

1110 393 1257 473 293
1925 367 2230 445 SVLP.
2285 363 2623 445 VRAN.

1111 573 1224 623 aut
1275 559 1467 621 etiam
1515 556 1890 618 Catacallae
1924 554 2054 617 sint
2087 550 2438 614 tribuendi.
2483 548 2609 612 Fa-

2698 359 3413 436 ANTONINVS.

2719 546 2824 611 lus
2846 589 2865 620 ‚
2910 545 3035 609 etsi
3067 544 3240 610 istud
3275 545 3680 630 ignoremus.
3725 547 3924 611 Numi
3960 562 4207 616 tautum

1109 675 1298 734 teor,
1382 656 1643 739 utrique
1711 655 1976 718 omnino
2045 655 2308 717 obstare
2367 673 2604 714 annum
2721 648 2961 712 Graeci
3003 636 3375 711 caracallae
3429 647 3754 712 dederunt
3802 668 4045 714 nomen
4093 654 4209 717 Se·

1115 746 1447 847 epocli‘ae,
1494 758 1612 818 sed
1643 778 1773 819 non
1820 756 2056 819 desunt
2093 755 2394 838 exempla
2424 774 2607 816 erro·

1111 885 1261 928 rum
1293 884 1330 924 a
1365 842 1746 923 monetariis
1775 860 1843 921 in
1879 857 2161 921 notanda
2199 855 2452 939 epocha
2496 854 2607 916 ad-

1109 963 1484 1026 missorum.
1542 966 1756 1045 Atque
1780 959 1980 1022 etiam
2018 960 2126 1022 hic
2163 958 2457 1040 epochae
2496 978 2603 1017 an·

966 1086 1007 1110 ν
1107 1085 1233 1126 nus
1266 1065 1455 1126 unica
1504 1052 1742 1123 fiducia
1788 1072 1927 1137 est,
1974 1082 2098 1144 qua
2149 1057 2463 1121 Antonini
2507 1071 2603 1139 ty·

1018 1170 1023 1177 '
1108 1165 1299 1227 ranni
1342 1185 1533 1227 causa
1584 1163 1837 1225 nititur.
1923 1165 2086 1223 Nam
2132 1158 2311 1246 quod
2368 1158 2450 1220 ad
2487 1177 2604 1220 no-

1104 1287 1258 1327 men
1319 1264 1593 1346 Sulpicii
1643 1264 1907 1349 attinet,
1965 1276 2226 1345 poterat
2268 1260 2397 1322 hoc
2453 1278 2599 1320 esse

1102 1365 1438 1451 praeditus
1493 1379 1606 1437 aut
1669 1364 2042 1441 Caracalla,
2099 1375 2213 1426 aut
2282 1360 2602 1446 Elagaba-

2717 750 2898 829 veri,
2960 749 3360 812 Etruscillae
3422 768 3664 819 nomen
3710 752 4206 835 Cupresseniae‚

2719 850 3023 913 Gallieno
3071 850 3372 933 Egnatii,
3436 851 3781 914 Saloninae
3837 854 4210 939 Chrysogo-

2715 971 2873 1027 nes‚
2953 951 3188 1035 quibus
3262 951 3812 1035 appellationibus
3877 955 4210 1022 abstinent

2715 1051 2899 1116 numi
2947 1052 3245 1115 Romani.
3292 1054 3601 1116 Ceterum
3640 1055 3791 1118 vide
3843 1055 4208 1137 prolixiora

2717 1153 2800 1216 (le
2839 1150 2941 1215 his
2972 1154 3189 1216 numis
3221 1153 3462 1236 judicia
3510 1156 3680 1239 apud
3706 1157 4090 1238 Haymium,
4135 1173 4206 1223 et

2713 1254 3097 1317 Bimardum
3147 1254 3241 1337 ἃ),
3286 1258 3750 1321 Mazzolenum
3781 1259 3878 1338 b),
3924 1273 3994 1325 et
4040 1258 4230 1326 Mas--

2712 1356 2917 1420 seium
2950 1356 3033 1438 c).

1696 1666 1709 1674 ’
1806 1680 1871 1740 ο.
1957 1638 2340 1742 IVLIVS
2422 1641 2792 1740 VERVS'
2850 1672 3502 1738 MAXIMINVS.

1230 1913 1304 1974 C.
1341 1910 1543 1973 Iulius
1565 1912 1782 1979 Verus
1809 1911 2199 1975 Maximinus
2221 1955 2237 1987 ,
2285 1910 2452 1996 quaer
2479 1910 2599 1972 hu-

1102 2014 1207 2094 jus
1226 2008 1641 2097 imperatoris
1672 2027 1821 2075 sunt
1839 2013 2100 2075 uomina
2134 2012 2410 2075 testibus
2429 2033 2597 2073 mar·

1097 2113 1435 2189 moribus,
1494 2129 1684 2178 natus
1734 2128 1853 2178 est.
1898 2114 1966 2174 in
2029 2113 2309 2176 Thracia
2361 2133 2596 2196 paren7

1098 2210 1274 2277 tibus
1330 2215 1660 2294 barbaris,
1723 2236 2005 2301 quorum
2049 2215 2218 2276 alter
2264 2233 2301 2277 e
2333 2213 2590 2289 Gothis,

1097 2330 1313 2379 mater
1357 2336 1442 2403 ex
1490 2318 1714 2380 Alanis
1771 2316 1916 2380 fuit.
2001 2315 2164 2398 Ejus
2211 2314 2423 2399 prima
2459 2314 2593 2378 vita

1095 2418 1437 2500 pastoritia
1461 2462 1478 2493 ‚
1522 2432 1585 2481 at
1621 2439 1767 2481 cum
1797 2416 2247 2479 liberaliorem
2295 2415 2434 2477 sibi‘
2458 2415 2595 2478 for-

1094 2530 1318 2580 tunam
1353 2542 1388 2581 a
1426 2521 1726 2603 corporis
1751 2518 1995 2583 robore
2018 2562 2036 2595 ‚
2080 2539 2210 2603 quo
2250 2538 2445 2601 supra
2475 2515 2593 2578 ho·

1093 2618 1289 2679 minis
1339 2618 1607 2681 modum
1651 2621 1942 2697 valebat,
1998 2620 2273 2683 auderet
2319 2620 2590 2703 promit·

1097 2733 1280 2798 tere,
1337 2725 1617 2784 Romam
1658 2720 1876 2795 venit,
1921 2721 2194 2804 ejusque
2242 2741 2396 2784 cum
2438 2739 2591 2804 pro-

1098 2821 1477 2895 ceritatem,
1539 2835 1679 2882 tum
1735 2820 1914 2883 vires
1964 2821 2234 2887 miratus
2301 2819 2588 2881 Severus

1092 2920 1395 2982 militiam
1442 2923 1629 3003 sequi
1670 2921 1883 3006 jussit.
1951 2921 2086 2983 Sub
2117 2919 2283 2996 hoc,
2333 2932 2401 2982 et
2447 2917 2586 2983 filio

1095 3022 1431 3086 Caracalla
1494 3041 1642 3083 cum
1699 3023 1914 3086 varios
1979 3019 2229 3082 ordinis
2278 3019 2379 3082 sui
2443 3042 2589 3103 gra-

1095 3122 1216 3185 dus
1254 3121 1687 3203 pervasisset,
1736 3120 2009 3184 subinde
2060 3119 2277 3183 taedio
2308 3121 2588 3184 Macrini

1088 3223 1159 3284 in
1191 3223 1465 3306 patriam
1508 3224 1744 3312 rediit,
1792 3244 1921 3309 quo
1954 3241 2146 3285 caeso
2181 3243 2489 3286 reversus
2517 3223 2586 3284 in

1093 3337 1305 3387 castra
1356 3326 1579 3407 paullo
1628 3339 1779 3409 post
1821 3325 1901 3387 ab
1937 3323 2315 3386 Alexandro
2345 3368 2361 3400 ,
2407 3325 2586 3407 igna-

1084 3444 1165 3487 ro
1226 3439 1403 3501 tum,
1464 3446 1661 3511 quem
1722 3426 2035 3500 efferret,
2111 3424 2193 3488 ad
2262 3425 2581 3487 maximos

1088 3526 1380 3588 honores
1432 3542 1709 3611 propter
1772 3527 2099 3606 laborum*
2144 3526 2577 3604 tolerantiam,

1089 3638 1160 3689 et
1220 3627 1604 3711 disciplinae
1667 3627 1971 3691 militaris
2041 3627 2380 3691 scientiam
2428 3649 2582 3710 pro·

1088 3740 1305 3790 motus
1346 3742 1485 3804 est,
1542 3743 1610 3791 et
1655 3729 2030 3813 praefectus
2081 3729 2576 3811 supplementis,

1089 3847 1257 3913 quae
1290 3828 1432 3912 ipse
1468 3829 1537 3891 in
1585 3825 1916 3893 Pannonia
1949 3830 2452 3913 conscripserat.
2498 3830 2577 3899 V.

1086 3929 1163 3992 C.
1206 3929 1330 4011 988
1383 3930 1830 3996 Alexandrum
1883 3932 1963 3994 ad
2004 3934 2255 3995 bellum
2311 3932 2581 3993 Germa-

974 4073 977 4076 η
1087 4029 1309 4093 uicum
1341 4047 1638 4109 secutus,
1681 4030 1895 4095 fretus
1937 4033 2274 4118 legionum
2302 4032 2371 4093 in
2404 4029 2579 4095 hunc
2686 4058 2696 4068 ·

1087 4131 1241 4195 odio
1279 4147 1582 4210 recente,
1628 4154 2026 4216 suorumque
2062 4134 2343 4210 adfectu,
2377 4133 2581 4217 impe-

1082 4247 1376 4296 ratorem
1419 4233 1500 4297 de
1531 4232 1612 4307 se
1644 4235 1919 4319 egregie
1963 4235 2398 4319 promeritum
2430 4254 2581 4317 per·

2710 1906 2901 1982 Iulii,
2948 1919 3132 1970 certe
3162 1926 3296 1969 non
3322 1904 3534 1969 serius
3557 1950 3577 1989 ,
3616 1919 3691 1973 ut
3721 1928 3915 1995 supra
3953 1908 4020 1974 in
4044 1909 4201 1976 Ale·

2709 2007 2960 2072 xandro
2995 2007 3290 2093 probavi.
3437 2024 3440 2027 ¹

3061 2217 3134 2278 V.
3185 2218 3244 2277 e.
3290 2223 3437 2281 sss.
3483 2219 3552 2278 P.
3600 2218 3681 2278 Χ.
3726 2183 3872 2279 23⁵.
3951 2192 3968 2217 ⁵

2886 2318 3010 2379 TR-
3039 2318 3107 2376 Ρ.
3145 2318 3320 2380 coS.
3340 2320 3542 2385 ΗΕΒ.
3589 2319 3658 2378 Ρ.
3705 2322 3794 2392 Μ.
3838 2322 3906 2381 Ρ.
3953 2323 4026 2382 Ρ.

3027 2418 3267 2480 Severo
3284 2460 3302 2495 ‚
3349 2422 3702 2496 Quintiano
3739 2439 3867 2484 coc.

2835 2618 3043 2680 Caeso
3089 2617 3468 2681 Alexandro
3518 2620 3909 2685 Maximinus
3959 2625 4039 2688 ab
4084 2646 4197 2690 ex·

2707 2718 2921 2783 ercitu
2981 2719 3372 2802 imperator.
3407 2721 3803 2785 adclamatus
3870 2726 4191 2808 probante

2704 2839 2861 2880 mox
2909 2834 3138 2884 senatu
3173 2821 3486 2885 resistere
3521 2844 3655 2885 non
3686 2844 3867 2891 auso.
3947 2829 4191 2891 Filium

2703 2920 3062 2984 Maximum
3134 2923 3480 2987 Caesarem
3535 2938 3752 3003 creat,
3832 2947 4190 3015 omnesque

2701 3022 3061 3085 Alexandri
3113 3026 3361 3089 amieos
3409 3040 3518 3088 aut
3570 3027 3723 3090 loco
3776 3044 4032 3105 movet,
4079 3045 4191 3094 aut

2701 3122 3039 3187 interimit.
3091 3125 3401 3188 Rhenum
3434 3127 3881 3226 transgressus
3921 3132 4188 3195 Germa·

2700 3244 2822 3288 nos
2858 3224 3040 3288 bello
3083 3226 3362 3310 impetit.

3425 3328 3465 3367 a

2981 3429 3160 3495 IMP.
3197 3372 3718 3500 ΜΑΧῙΜῙΝζΤΞ.
3747 3435 3965 3505 PIVS.
3983 3435 4184 3505 AVG.

2984 3533 3187 3612 Caput
3214 3534 3591 3609 laureatum,
3637 3539 3834 3599 etiam
3862 3541 4186 3601 radiatum

2923 3691 2926 3694 .
2982 3634 3053 3692 in
3089 3636 3232 3695 AE.
3265 3635 3361 3697 ΙΙ.

2692 3729 2769 3793 Ρ.
2804 3731 2895 3791 Μ.
2934 3733 3075 3793 ΤΒ.
3116 3736 3192 3794 Ρ.
3227 3735 3300 3794 Ρ.
3342 3736 3415 3795 Ρ.
3460 3737 3814 3817 Imperator
3830 3740 4184 3820 paludatae

2694 3838 2875 3892 stans
2900 3834 3067 3894 inter
3097 3838 3222 3896 duo
3244 3839 3434 3915 siyna
3452 3839 3771 3902 militaria
3790 3847 3850 3903 d.
3873 3846 4048 3905 elata
4065 3887 4090 3919 ‚p
4128 3865 4180 3905 ε.

2693 3935 2962 3995 kastam.
3001 3935 3138 4002 AV.
3173 3935 3310 3998 AR.
3345 3937 3481 3998 ΑΕ.
3522 3938 3570 4000 1.
3604 3939 3684 4002 11.
3730 3944 3932 4024 (Mus.
3964 3944 4179 4024 Caes.)

3017 4039 3264 4099 Eadem
3306 4042 3598 4102 adversa.

2690 4130 3294 4200 LIBERALITAS.
3331 4138 3530 4206 AVG.
3556 4144 3946 4209 Liberalitas
3976 4156 4185 4212 stam.

2690 4237 2828 4304 AV.
2873 4235 3014 4300 AR.
3074 4239 3148 4299 ln
3201 4239 3385 4302 aliis:
3445 4243 3799 4322 Imperator
3846 4252 4177 4330 confiat-io

1079 4331 1213 4396 fide
1251 4352 1289 4397 e
1325 4333 1546 4399 medio
1571 4335 1867 4413 sustulit,
1913 4335 2089 4399 forte
2112 4336 2287 4400 circa
2318 4335 2576 4398 initium
2683 4341 3081 4417 praesidens.
3116 4341 3253 4402 ΔΕ.
3297 4345 3347 4403 1.
3393 4344 3591 4424 (Mus.
3622 4346 3839 4427 Caes.)

1159 4621 1220 4692 a)
1260 4616 1328 4680 ll.
1368 4637 1450 4678 cc.

1600 4619 1666 4694 b)
1706 4618 1780 4680 de
1811 4619 1947 4684 trib.
1973 4636 2102 4702 pot.
2134 4643 2193 4703 p.
2231 4634 2337 4689 181.
2384 4634 2442 4686 et
2471 4635 2598 4699 279.

2655 4601 2664 4602 ἢ
2749 4630 2809 4699 0)
2849 4629 2988 4687 Ant.
3021 4626 3174 4687 Gau.
3216 4650 3275 4705 p.
3311 4643 3436 4695 ns.
