4652 5937
1583 473 2285 556 COMMODVS.

3352 519 3488 585 115

373 661 471 722 E.
679 657 769 720 Μ.
806 653 1085 721 COMM.
1131 653 1330 720 ANT.
1370 656 1446 719 P.
1492 656 1780 721 FELIX.
1823 660 2023 730 AVG.
2069 666 2299 728 BRIT.
2376 669 2578 748 Caput
2606 673 2999 750 laureatum,
3045 681 3494 748 volradiatnn

673 763 746 821 in
782 764 923 820 ΑΕ.
955 761 1044 819 ΙΙ.

371 859 465 920 F.
670 863 763 922 u.
810 859 1337 928 commonvs.
1384 817 1919 928 ANTONlesS.
1961 865 2179 931 1³1v8.
2223 867 2513 933 FELIX.
2555 873 2755 942 Ave.
2803 879 3034 941 mur.
3113 886 3315 962 Caput
3348 891 3486 951 ια..-

675 972 921 1022 reamm
963 966 1033 1022 in
1064 966 1204 1023 ΑΕ.
1236 983 1410 1023 max.
1446 966 1611 1024 mod.
1678 965 1876 1040 (Mus.
1912 964 2184 1048 Medic.)

373 1065 470 1146 Q.
675 1064 767 1123 Μ.
800 1062 1082 1125 COMM.
1137 1065 1333 1123 ANT.
1383 1062 1584 1126 AVG.
1626 1064 1703 1123 P.
1746 1067 1982 1131 BRIT.
2025 1067 2219 1132 FEL.
2263 1075 2400 1137 velt
2444 1074 2521 1136 P.
2564 1076 2758 1139 FEL.
2800 1078 3034 1143 BRIT.
3116 1090 3314 1163 Caput
3348 1092 3486 1152 Iau-

667 1172 918 1226 reatum
957 1167 1027 1226 in
1075 1165 1427 1242 Quinarin's.
1492 1164 1691 1243 (Mus.
1731 1169 1951 1250 Caes.)

674 1438 917 1497 Amica
958 1437 1223 1498 incerta.
1703 1382 1742 1420 'e
1776 1431 1796 1447 '

375 1535 894 1602 FORTVNAE.
958 1538 1186 1602 nvct.
1246 1537 1317 1599 c.
1376 1517 1464 1605 v.
1517 1539 1592 1601 P.
1636 1540 1711 1600 P.
1753 1543 1878 1603 ιη.-

2115 1387 2157 1426 0

2278 1551 2367 1611 V!
2404 1553 2499 1611 lit.
2533 1557 2620 1614 A.

360 1648 639 1718 perator
672 1641 764 1697 ad
791 1657 976 1697 aram
1005 1641 1376 1711 sacrificans
1399 1643 1696 1703 adstante
1725 1645 1884 1704 For-⁷
1990 1645 2645 1718 10V1.EXSVPER.
2678 1655 2752 1714 P.
2772 1653 2862 1713 Μ.
2889 1657 3028 1718 ΤΡι.
3051 1655 3125 1718 Ρ.
3149 1653 3261 1715 XI.
3295 1650 3477 1712 IMP.

373 1751 565 1801 tuna.
609 1738 749 1801 AE.
779 1757 947 1798 max.
979 1736 1153 1800 mod.
1202 1738 1401 1816 (Mus.
1441 1759 1581 1824 reg.
1622 1741 1833 1821 Gall.)

512 1842 856 1901 Fortunam
885 1844 1104 1900 ducem
1130 1837 1258 1920 jam
1296 1839 1576 1902 vidimus
1626 1839 1704 1924 in·
1737 1862 1875 1905 mo·

373 1951 538 2001 neta
573 1938 773 2022 patris
819 1938 900 2002 ad
938 1961 1174 2001 annum
1217 1941 1390 2007 V.C.
1421 1956 1564 2025 929.

669 2035 755 2100 Vt
792 2042 886 2100 lit.
923 2043 999 2099 D.
1043 2043 1151 2101 vel
1171 2043 1255 2101 A.

367 2139 885 2208 FORTVNAE.
903 2141 1327 2201 MANENTI.
1359 2138 1546 2205 COS.
1578 2143 1658 2208 V.
1697 2144 1770 2203 P.
1791 2146 1865 2205 P.

372 2244 621 2303 Mulier
640 2245 862 2303 sedens
889 2244 950 2301 d.
974 2262 1202 2322 equum
1229 2244 1505 2320 capistro
1523 2248 1776 2321 retfuet,
1814 2268 1865 2307 s.

370 2345 819 2421 cornucopt'ae.
878 2340 1020 2402 AR.
1056 2343 1194 2404 ΑΕ.
1225 2343 1276 2402 1.
1322 2344 1520 2425 (Mus.
1555 2344 1776 2423 Caes.)

507 2443 863 2503 Fortunam
926 2446 1246 2504 Manentis
1288 2442 1680 2528 cognomine
1731 2445 1867 2508 cul-

365 2557 509 2603 tam
572 2543 695 2603 sibi
741 2543 1086 2606 Commodi
1140 2544 1322 2604 numi
1380 2563 1501 2605 nos
1561 2542 1863 2619 edocent,

365 2643 503 2704 etsi
536 2643 798 2725 copiosa
827 2643 949 2704 alia
1000 2664 1034 2703 a
1071 2645 1516 2704 Romanorum
1557 2645 1865 2726 supersti-

362 2744 556 2804 tione
616 2742 823 2804 indita
861 2758 1231 2806 memorent
1282 2744 1658 2827 scriptores.
1728 2748 1864 2807 Ho-

362 2844 543 2904 ratio
584 2842 885 2906 laudatur
928 2835 1211 2907 Fortuita
1253 2866 1549 2921 manens,
1600 2866 1690 2908 sc.
1735 2867 1865 2908 mo·

366 2946 502 3005 bili
557 2944 852 3027 opposita
901 2946 977 3027 Ιῑ).
1027 2930 1150 3009 'At
1201 2966 1361 3009 vcro
1407 2967 1527 3010 cur
1572 2945 1865 3008 Fortuna

361 3048 440 3106 in
488 3045 616 3107 hoc
660 3066 860 3109 numo
905 3068 1144 3131 equum
1192 3048 1506 3119 retineat,
1556 3046 1724 3107 ratio
1771 3046 1865 3109 vi·

364 3145 572 3208 detur
615 3147 925 3222 obscura,
983 3149 1158 3210 forte
1183 3132 1509 3231 'quoniam
1548 3148 1865 3221 Fortuna,

363 3266 542 3331 quae
585 3250 856 3310 Manem
914 3250 1004 3310 in¹
1044 3249 1172 3309 hoc
1229 3228 1429 3309 numo
1474 3247 1861 3331 appellatur,

365 3346 606 3409 eadem
680 3347 882 3413 fuerit
955 3371 1102 3412 cum
1177 3350 1467 3411 Fortuna
1534 3352 1853 3429 Equestri,

364 3447 485 3509 cui
533 3449 803 3511 Fulvius
863 3451 1170 3525 Flaccus,
1249 3461 1667 3533 posteaquam
1729 3469 1855 3532 ope

359 3548 698 3633 equitatus
744 3550 1115 3613 Celtiberos
1157 3547 1568 3633 profligavit,
1623 3548 1854 3611 aedem

360 3648 554 3710 vovit
584 3648 647 3729 h)
672 3696 687 3726 ‚
735 3664 802 3712 et
836 3650 1022 3732 cujus
1048 3649 1366 3732 templum
1396 3651 1655 3713 stetisse
1686 3652 1859 3735 apud

363 3748 637 3813 Antium
679 3750 888 3812 refert
920 3750 1186 3812 Tacitus
1216 3751 1297 3831 θ).
1334 3750 1855 3827 Observandum,

362 3864 596 3933 typum
655 3850 800 3912 fere
845 3851 1127 3912 similem
1151 3842 1317 3923 [esse
1365 3851 1431 3913 in
1474 3852 1688 3914 numis
1731 3853 1859 3913 An-

361 3949 656 4012 tiochiae
689 3951 770 4012 ad
811 3952 1103 4036 Hippum
1146 3952 1595 4035 Decapoleos,
1643 3952 1857 4013 sedin

359 4049 476 4111 his
519 4044 761 4113 mulier
802 4072 952 4115 cum
997 4054 1437 4137 cornucopiae
1485 4065 1585 4115 est
1625 4054 1859 4114 Fortu-

357 4152 717 4227 uastabis,
763 4167 829 4214 et
873 4174 1080 4237 equus
1124 4151 1376 4216 adlusio
1421 4153 1502 4215 ad
1546 4169 1856 4229 montem,

361 4253 477 4316 cui
530 4253 688 4315 urbs
734 4254 1011 4328 insedit,
1075 4268 1142 4316 et
1201 4254 1594 4318 cuinomen
1645 4256 1852 4329 Ιππος,

359 4375 606 4435 equus,
651 4352 794 4415 fuit.

477 4639 541 4707 a)
581 4638 646 4693 1..
688 4637 789 4697 ΙΙΙ.
828 4640 942 4697 ode
979 4650 1068 4715 29.

355 4731 423 4798 e)
460 4727 612 4787 Mus.
635 4727 860 4792 Veron.
901 4750 959 4806 p.
991 4736 1120 4794 248.

1214 4640 1286 4713 b)
1327 4638 1526 4696 Livius
1564 4639 1773 4698 LXL.
1801 4644 1891 4701 40.

1266 4728 1315 4801 s)
1354 4729 1564 4807 Hymn.
1608 4730 1670 4786 in
1705 4730 1827 4791 Iov.
1859 4750 1913 4790 v.
1941 4742 2031 4802 91.
2062 4800 2068 4807 ,

1988 1746 2160 1815 vul.
2191 1748 2381 1813 COS.
2415 1752 2497 1820 V.
2513 1755 2587 1812 P.
2623 1755 2697 1814 P.
2723 1754 2787 1815 S.
2821 1754 2893 1817 C.
2936 1758 3222 1835 Iuppiter
3254 1757 3480 1815 sedem

1987 1851 2050 1907 d.
2081 1870 2326 1911 ramum
2349 1895 2366 1926 ,
2412 1872 2463 1916 ε.
2477 1855 2747 1915 hastam.
2781 1854 2919 1915 AE.
2936 1856 2987 1915 1.
3041 1861 3239 1935 (Mus.
3260 1853 3480 1932 Caes.)

2109 1953 2435 2013 Truncam
2483 1973 2718 2016 vocem
2751 1956 3179 2022 EXSVPER.
3209 1955 3478 2037 explen-

1981 2047 2127 2109 dam
2149 2051 2559 2119 EXSVPER
2576 2059 2910 2118 antis-simo
2933 2099 2957 2130 ,
2988 2055 3184 2118 docet
3201 2054 3465 2135 insigne
3526 2139 3529 2142 Ι

1982 2169 2309 2226 marmor,
2384 2154 2561 2237 quod
2633 2152 2842 2217 edidit
2910 2156 3193 2239 Sponius
3236 2153 3302 2234 d)
3324 2183 3357 2228 ,¹
3405 2156 3476 2217 in

1983 2269 2112 2332 quo
2148 2250 2429 2335 legitur:
2476 2254 2525 2313 1.
2568 2253 2650 2316 Ο.
2686 2255 2776 2314 Μ.
2827 2256 3169 2320 SVMMO.
3208 2257 3473 2324 Exsv-

1981 2350 2661 2419 PERANTISSIMO.
2707 2357 3045 2440 Ampliora
3066 2356 3147 2419 de
3168 2357 3294 2420 hoc
3315 2359 3475 2418 Iove

1979 2449 2314 2531 praedicat
2349 2476 2636 2520 marmor
2666 2456 3175 2524 vindobonense
3206 2459 3333 2540 jam
3356 2479 3477 2540 pu·

1980 2548 2140 2613 bliei
2172 2551 2337 2633 juris
2377 2553 2623 2618 factum
2664 2577 2700 2619 a
2739 2556 3046 2641 Scipione
3078 2556 3344 2622 Maffei‘o
3376 2559 3471 2639 ⁸):

2445 2787 2474 2801 -
2501 2787 2528 2801 -
2561 2787 2590 2803 -
2618 2789 2645 2804 -
2690 2757 3006 2826 SVMMO

2281 2887 2309 2900 -
2337 2887 2365 2900 -
2402 2856 3168 2924 SVPERAerssmo

2380 2958 2899 3026 mleARvM.
2942 2961 3071 3028 nv

2412 3060 3042 3154 MANARVMQVE

2291 3161 3121 3226 ⁴ruamur-merom

2319 3243 3135 3338 FATORVMQVE.AR

2494 3343 2769 3406 BITRO
2813 3375 2843 3388 ·-
2867 3375 2895 3391 -

1974 3548 2375 3611 Callimacho
2407 3546 2515 3611 hic
2550 3546 2842 3632 Iuppiter
2881 3549 3123 3612 dicitur
3167 3545 3467 3629 Κρονιδης

1971 3670 2417 3726 ‘amurcam-arog
2460 3646 2531 3730 ί).
2578 3650 2723 3731 Ipse
2761 3650 3157 3715 Commodus
3174 3656 3466 3734 Exsupe-

1972 3755 2243 3825 ratorit',
2290 3748 2738 3829 ὑπεραιςοντος,
2784 3750 2910 3812 sibi
2954 3752 3218 3815 titulum
3284 3754 3463 3817 addi·

1974 3848 2101 3923 dit,
2145 3863 2449 3934 tanquam
2478 3852 2590 3933 qui
2625 3854 2939 3914 mortales
2983 3873 3208 3915 omnes
3259 3857 3466 3917 omni-

1974 3936 2096 4011 bus
2113 3949 2181 4011 in
2198 3952 2398 4013 rebus
2413 3966 2773 4034 superaret,
2808 3966 2880 4014 ut
2900 3952 3185 4035 explicat
3210 3954 3340 4016 Dio
3372 3956 3463 4035 8).

1978 4050 2155 4144 Quin
2216 4062 2284 4112 et
2338 4072 2629 4113 mensem
2692 4053 2820 4117 hoc
2861 4054 3128 4115 nomine
3192 4054 3466 4131 adfecit,

1974 4163 2047 4213 ut
2098 4151 2505 4213 narrabimus
2553 4152 2738 4214 infra.
2824 4155 3455 4220 EXVPERATOR.

1970 4249 2350 4318 OMNIVM.
2387 4251 2793 4321 GENTIVM
2836 4252 3078 4317 dicitur
3136 4254 3337 4341 etiam
3388 4257 3457 4318 in

1967 4354 2182 4417 numia
2217 4352 2676 4416 Constantinus
2700 4357 2799 4417 Μ.

2039 4643 2099 4715 c)
2137 4641 2350 4698 Annal.
2384 4637 2483 4696 111.
2524 4652 2618 4703 71.

2175 4732 2240 4807 g)
2279 4730 2345 4788 L.
2371 4729 2617 4789 LXXH..
2649 4735 2678 4803 §
2723 4740 2809 4794 15-

2913 4823 2972 4881 P
3014 4837 3051 4882 2

2763 4638 2832 4712 d)
2869 4638 3114 4699 Miscell.
3147 4660 3209 4717 p.
3242 4652 3331 4710 71,
3368 4622 3459 4704 72.
3579 4645 3589 4662 “
