4652 5937
1296 378 1441 460 1290
2153 357 2792 433 PRINCIPES

1298 546 1473 610 biam
1528 543 1768 608 dictam
1817 540 2018 605 fuisse
2079 540 2498 626 septimiam,
2559 555 2631 604 ut
2679 541 2794 606 do·

1298 663 1453 716 eent
1484 648 1703 721 numi,
1747 645 1830 707 de
1868 644 2051 722 cujus
2081 642 2365 705 nominis
2414 664 2604 707 causa
2641 665 2793 708 con·

1296 752 1583 834 jecturas
1626 746 1977 810 admodum
2012 746 2195 821 leves
2230 746 2652 809 contulerunt
2685 770 2794 810 an·

1294 851 1579 938 tiquarii.
1674 850 2033 912 Enimvero
2089 849 2428 931 praeclare
2496 869 2576 910 ex
2627 871 2792 911 mau-

1300 953 1592 1016 moribus
1646 951 1882 1035 probat
1933 951 2420 1029 Renaudotins‚
2492 951 2792 1035 Septimii

1293 1077 1534 1120 nomen
1589 1056 1759 1138 apud
1810 1055 2237 1134 Palmyrenos
2290 1051 2563 1113 multum
2615 1054 2792 1118 valu-

1295 1163 1450 1224 isse.
1527 1160 1638 1220 111.
1685 1155 2016 1220 Odenathi
2067 1174 2326 1239 quoque
2377 1169 2626 1235 patrem
2664 1157 2792 1218 Ae·

1293 1283 1562 1336 ranem,
1626 1280 1814 1323 avum
1854 1256 2306 1325 Vaballathum
2353 1256 2591 1339 prodit.
2686 1259 2789 1319 Ex

1298 1367 1401 1431 avi
1436 1363 1677 1427 deinde
1720 1362 1987 1425 nomine
2036 1357 2209 1420 filius
2263 1378 2549 1441 quoque·
2579 1359 2789 1423 dictus

1293 1466 1760 1539 Vaballathus,
1843 1461 2026 1542 cujus
2100 1459 2407 1542 copiosos
2468 1461 2782 1524 babemus

1295 1590 1856 1733 nunthoEsPTlMIA
1935 1665 2363 1738 ZENOBIA,
2449 1660 2784 1726 Odenathi

1296 1790 1466 1835 uxor
1511 1769 1749 1841 altera,
1811 1787 1846 1826 a
1893 1764 2274 1846 Cleopatra,
2358 1765 2512 1848 quin
2558 1780 2626 1829 et
2672 1767 2789 1828 Di.

1296 1874 1471 1936 done
1517 1885 1584 1934 et
1627 1866 2056 1930 Semiramide
2110 1866 2356 1928 ducere
2396 1887 2603 1950 genua
2645 1887 2783 1932 cre.

1299 1976 1435 2040 dita
1467 1979 1556 2053 ⁸),
1600 1971 1882 2054 ingentis
1919 1969 2217 2052 spiritus,
2263 1988 2336 2030 ac
2383 1970 2639 2032 consilii
2683 1993 2787 2032 su·

1198 2099 1215 2107 ·
1289 2100 1410 2164 pra
1465 2075 1818 2147 feminam,
1877 2071 2213 2133 literarum
2281 2072 2475 2133 etiam
2551 2074 2830 2139 studiis.

1292 2184 1590 2266 impense
1638 2175 1894 2246 dedita.
1957 2187 2391 2258 praeceptore
2453 2196 2567 2237 usa
2609 2177 2784 2238 Lon-

1296 2283 1473 2367 gino,
1525 2280 1706 2360 cujus
1727 2279 2050 2359 insignem
2077 2296 2208 2354 περι
2233 2273 2429 2352 ὖψους
2457 2296 2783 2340 commen.

1288 2385 1525 2448 tarium
1562 2394 1738 2443 tanto
1781 2378 1985 2461 magis
2026 2379 2375 2455 miramur,
2422 2381 2597 2463 quod
2648 2394 2784 2442 tan..

1290 2503 1429 2551 tum
1481 2481 1814 2565 ingenium
1862 2480 2107 2543 inculta
2161 2481 2322 2544 haec
2383 2495 2558 2545 aetas
2611 2482 2780 2544 tulit.

1295 2589 1507 2651 Caeso
1576 2584 1807 2646 marito
1861 2581 2145 2643 filiorum
2202 2585 2463 2644 nomine
2515 2581 2783 2645 admini-

1292 2689 1524 2753 stravit
1553 2686 1940 2768 imperium,
1986 2698 2053 2746 et
2084 2683 2371 2747 Gallieni
2405 2699 2671 2769 stupore
2711 2687 2778 2748 in

1290 2811 1439 2855 rem
1471 2810 1646 2851 suam
1679 2810 1787 2848 usa
1811 2786 2163 2866 majoribus
2201 2807 2271 2847 se
2309 2787 2781 2868 copiisinstru-

1291 2891 1424 2966 xit,
1470 2904 1537 2951 et
1564 2888 1899 2955 attentavit
1940 2886 2305 2968 provincias
2345 2888 2608 2968 imperii
2651 2890 2779 2949 Ro-

1289 2991 1465 3054 mani
1514 3010 1597 3051 ne
1635 2989 1867 3050 marito
1912 2989 2173 3071 quidem
2213 3011 2249 3050 a
2285 2988 2589 3050 Gallieno
2623 2971 2780 3052 con·

1287 3109 1537 3167 cessas,
1583 3091 1975 3152 connivente
2011 3089 2090 3152 ad
2123 3091 2282 3152 haec
2316 3090 2458 3171 ipso
2480 3091 2772 3170 Claudio,

1284 3190 1707 3276 propioribus
1745 3213 1868 3275 per
1900 3192 2334 3256 Occidentem
2369 3194 2542 3255 curis
2587 3215 2777 3258 occu·

1287 3307 1464 3380 pato.
1554 3292 1627 3355 Si
1670 3295 1936 3362 Zosimo
1978 3294 2179 3373 fides,
2243 3296 2368 3358 hoc
2410 3295 2773 3377 imperante

1281 3397 1520 3464 invasit
1555 3397 1960 3482 Aegyptum,
2025 3397 2330 3481 variaque
2368 3419 2478 3459 usa
2516 3399 2776 3461 fortuna

1284 3517 1430 3562 eam
1469 3496 1592 3560 sibi
1640 3499 1922 3583 denique
1953 3497 2260 3561 adseruit.
2352 3498 2484 3560 Sed
2539 3501 2776 3562 oratio·

1249 3601 1386 3663 nis
1456 3598 1656 3662 fidem
1729 3600 1991 3663 elevant
2065 3601 2282 3677 numi3
2360 3620 2505 3660 nam
2589 3602 2775 3663 Clau-

1285 3702 1468 3765 dium
1512 3699 1592 3762 ab
1637 3700 2096 3762 Alexandrinis
2143 3711 2518 3762 constanter
2571 3699 2772 3763 fnisse

1285 3803 1576 3886 agnitum
1618 3800 2081 3883 imperatorem
2124 3800 2360 3864 horum
2411 3802 2590 3862 numi
2633 3815 2772 3863 toto

1285 3906 1427 3988 ejus
1501 3904 1762 3987 imperii
1833 3917 2166 3986 tempore,
2251 3922 2325 3964 ac
2399 3901 2770 3964 incredibili

1285 4006 1551 4091 quidem
1607 4024 1884 4066 numero
1937 4005 2170 4084 signati
2221 4018 2558 4067 testantur.
2644 4005 2775 4066 Ne·

1287 4128 1415 4193 que
1471 4107 1678 4191 magis
1739 4106 2132 4182 verisimile,
2199 4107 2375 4191 quod
2431 4105 2612 4172 ‚idem
2670 4126 2776 4169 re-

1282 4210 1414 4273 fert
1437 4253 1456 4283 ,
1500 4229 1644 4271 eam
1679 4207 1798 4269 sub
1832 4207 2190 4279 Aureliano
2230 4209 2420 4289 regni
2473 4209 2572 4271 sui
2606 4206 2771 4271 fines

1283 4331 1407 4393 per
1453 4311 1673 4374 Asiam
1726 4310 2044 4373 minorem
2091 4311 2158 4373 in
2206 4308 2522 4376 Galatiam
2563 4327 2770 4395 usque

1263 4497 1375 4511 -

1350 4609 1420 4672 ο)
1460 4602 1722 4665 Trebell.
1762 4603 1823 4665 in
1861 4604 2085 4666 Zenob.
2127 4620 2184 4667 et
2219 4610 2614 4671 Herenniano.

2873 357 3540 435 PALMYRAE.

2904 544 3286 629 prolatasse.
3373 543 3623 606 Tamen
3640 539 3869 631 primo
3902 536 4052 621 ejus
4090 539 4450 624 imperau-

2906 647 2989 710 tis
3036 667 3207 711 anno
3263 648 3631 728 Aegyptum
3697 667 3735 705 a
3792 641 4228 724 Palmyrenis
4275 662 4439 724 qua·

2906 746 3109 810 dam
3090 749 3354 832 imperii
3396 768 3542 811 cum
3585 746 3946 808 Aureliano
3997 742 4434 806 communio·

2903 870 2989 913 ne
3024 850 3226 914 fuisse
3249 869 3650 935 possessam,
3695 867 3778 909 ex
3792 846 4183 913 Vaballathi
4208 845 4427 907 numi·

2902 952 3170 1035 patebit.
3218 953 3467 1018 Verum
3500 949 3892 1011 Aurelianus
3923 948 4142 1010 rebus
4191 950 4270 1007 in
4295 947 4427 1009 Oe·

2906 1054 3167 1118 cidente
3212 1051 3592 1135 compositis
3646 1050 3893 1113 bellum
3934 1049 4225 1112 mulieri
4284 1065 4415 1108 suc·

2904 1155 3195 1219 cessibus
3230 1155 3438 1217 elatae
3483 1151 3746 1232 indicit,
3791 1152 4311 1234 contractisque
4356 1151 4415 1210 in

2906 1257 3249 1319 Orientem
3283 1255 3547 1338 imperii
3594 1256 3841 1320 viribus
3877 1254 4260 1336 aliquoties
4297 1251 4419 1315 vic-

2905 1358 3133 1421 tricem
3166 1359 3508 1439 Palmyrae
3547 1377 3701 1419 snae
3736 1356 4044 1431 includit,
4095 1354 4272 1416 inde
4311 1352 4421 1414 de·

2903 1459 3177 1541 speratis
3216 1460 3415 1522 rebus
3455 1459 3736 1539 elapsam
3772 1479 3853 1520 ex
3899 1458 4057 1540 suga
4096 1456 4418 1532 retrahit,

2902 1565 3256 1646 aureisque,
3289 1562 3534 1624 catenis
3576 1561 3853 1623 vinctam
3907 1580 4103 1621 suum
4149 1560 4415 1621 Romae

2901 1664 3297 1747 triumphum
3330 1663 3516 1747 sequi
3548 1661 3734 1743 jubet
3770 1662 3851 1726 V.
3881 1661 3952 1723 C.
4001 1664 4177 1722 noae
4212 1662 4297 1724 P.
4334 1662 4416 1724 Σ.

2902 1768 3045 1849 ²73·
3094 1767 3337 1833 Vivere
3378 1779 3595 1828 tamen
3641 1765 3707 1825 ei
3760 1782 4197 1839 concessum,
4244 1763 4421 1846 egit·

2901 1891 3027 1954 que
3062 1867 3374 1948 deinceps
3417 1865 3610 1930 vitam
3662 1885 3844 1927 more
3887 1878 4242 1927 matronae
4279 1866 4422 1927 Ro-

2902 1992 3125 2035 manae
3166 1968 3533 2031 liberaliter
3574 1991 3610 2033 a
3656 1969 3903 2032 victore
3950 1967 4184 2030 habita
4232 1980 4414 2031 teste

2897 2073 3259 2136 Trebellio.
3277 2097 3285 2107 ·

3021 2179 3240 2255 Lnjben·
3273 2172 3353 2236 ab
3395 2172 3725 2236 historicis
3761 2169 4129 2255 produntur

3021 2276 3449 2340 HERODES
3467 2321 3484 2351 ,
3533 2275 3862 2337 Odenatbi
3884 2294 3965 2335 ex
3983 2277 4219 2356 priore
4241 2294 4410 2338 uxo-

2895 2399 2971 2443 re
3013 2379 3224 2456 filius‚
3295 2392 3365 2440 et
3421 2366 3781 2459 imperator
3840 2397 3985 2438 cum
4045 2391 4241 2460 patre
4288 2396 4405 2458 ap-

2893 2481 3196 2567 pellatus.
3316 2479 3603 2560 Propter
3676 2479 3867 2543 vitam
3929 2478 4400 2542 delicatiorem

2896 2583 3197 2648 omnibus
3231 2580 3512 2655 invisus,
3557 2595 3831 2661 agente,
3891 2595 3964 2642 ut
4005 2582 4228 2643 fertur
4271 2585 4401 2644 Ze-

2895 2687 3123 2761 nobia,
3170 2702 3336 2767 quae
3383 2681 3608 2764 inique
3660 2681 3957 2758 serebat,
4013 2681 4188 2745 filios
4235 2703 4394 2747 snos

2893 2791 3197 2875 privigno
3252 2784 3596 2869 postponi,
3664 2806 3787 2846 una
3845 2805 3992 2847 cum
4058 2801 4249 2866 patre
4297 2787 4392 2847 in-

2895 2890 3223 2953 terimitur
3252 2885 3332 2966 ¹³).
3421 2884 3750 2947 Laudatus
3794 2908 3985 2971 supra
4037 2888 4388 2950 Renaudo-

2895 2994 3020 3055 tius
3064 2990 3239 3054 aliud
3294 3007 3579 3050 marmor
3613 2988 4072 3066 Palmy-renum
4123 2991 4379 3064 recitat,

2889 3118 2970 3160 ex
3006 3115 3133 3179 quo
3156 3091 3469 3154 habemus
3501 3085 4044 3149 CCIITlMtON
4080 3087 4386 3154 ΟΤΡΩ-

3012 3295 3648 3361 HERENNIANVS
3671 3306 3737 3356 et
3774 3292 4234 3361 TIMOLAVS
4257 3297 4385 3359 Ze·

2887 3399 3119 3462 nobiae
3160 3385 3297 3459 tilii.
3342 3399 3590 3458 Eorum
3626 3396 3889 3459 nomine
3922 3409 4126 3456 mater
4163 3418 4379 3484 remp.

2889 3500 3201 3575 obtinuit,
3244 3512 3768 3584 purpuratosque
3820 3499 4237 3579 imperatoris
4266 3500 4410 3567 ha-

2889 3606 3027 3667 bitu
3053 3600 3368 3663 incedere
3408 3600 3610 3679 jussit.
3699 3599 3862 3691 Quis
3906 3598 4105 3662 fuerit
4140 3620 4375 3665 eornm

2890 3706 3139 3780 exitus,
3185 3702 3512 3786 ignoravit
3542 3702 3725 3783 ipse,
3770 3702 3884 3786 qui
3914 3703 4247 3785 utriusque
4275 3704 4375 3766 bi·

2890 3806 3153 3868 storiam
3209 3803 3504 3883 scripsit,
3535 3803 3976 3882 Trebellius,
4037 3819 4139 3880 et,
4197 3805 4373 3892 qnod

2886 3906 3194 3993 prodigio
3233 3904 3483 3980 simile,
3528 3906 3700 3969 idem
3743 3908 4165 3988 synchronus.
4204 3972 4209 3975 ,

3012 4008 3359 4069 Diversum
3387 4030 3422 4067 a
3442 4008 3782 4096 Trebellio
3803 4008 4014 4071 refert
4033 4010 4367 4091 Vopiscus,

2885 4132 2921 4174 a
2948 4131 3076 4193 quo
3114 4110 3443 4173 Zenobiae
3487 4109 3660 4172 filius
3700 4109 4006 4194 proditur

3011 4212 3636 4290 -VABALATHVS,
3682 4212 3799 4273 sed
3834 4231 4027 4295 quem
4064 4213 4375 4282 isBalba·

2884 4327 3017 4379 tum
3063 4328 3286 4392 vocat,
3350 4326 3491 4391 aut,
3553 4328 3623 4377 ut
3675 4313 3875 4378 babet
3924 4316 4138 4379 codex
4189 4317 4373 4383 Pala-

2762 4614 2832 4690 b)
2870 4614 3130 4675 Trebell.
3170 4615 3233 4674 in
3268 4611 3504 4673 Herode
3542 4625 3601 4675 et
3636 4612 3922 4674 Maeonio.
