4652 5937
947 389 1084 517 „R
1192 388 1735 465 HELVIVS
1840 390 2496 467 PERTINAX.

937 572 979 611 Ι

417 649 458 670 “’
507 676 594 733 Vc
635 675 738 734 zie.
770 614 852 736 11.
888 685 956 737 et
984 679 1058 737 B.
1102 616 1142 656 '²

198 774 379 843 01³1.
436 773 721 840 DIVIN.
782 778 918 837 ΤΒ.
963 778 1042 840 Ρ.
1087 775 1275 840 COS.
1324 778 1405 838 11.
1484 781 1720 840 Mulier

195 886 432 945 sedens
461 885 533 943 d.
569 883 803 958 spicae.
847 878 986 947 AV.
1028 881 1171 943 AB.
1217 879 1353 941 ΑΕ.
1397 879 1449 942 1.
1514 882 1714 959 (Mus.

209 982 436 1061 Caes.)

329 1082 652 1152 Vidimus
679 1079 745 1140 in
780 1080 1109 1143 Antonino
1143 1080 1225 1142 ad
1256 1102 1492 1144 aunum
1523 1084 1607 1150 V.
1645 1082 1716 1144 C.

209 1184 336 1268 893
402 1199 727 1257 numum,
786 1181 854 1242 in
910 1203 1040 1266 quo
1090 1183 1485 1267 epigraphe:
1549 1184 1718 1248 OPI.

542 1298 613 1348 et
676 1297 903 1368 typus:
965 1288 1200 1346 Mulier
1247 1290 1471 1348 sedens
1516 1290 1579 1349 d.
1609 1290 1724 1347 lca·

217 1401 385 1451 stam
420 1408 476 1451 e.
524 1389 730 1466 capiti
766 1389 1044 1451 admota.
1122 1385 1303 1469 Opis⁴
1333 1406 1561 1449 sensus
1605 1384 1722 1446 du·

211 1285 417 1354 AVG.
439 1331 459 1361 2

3177 416 3316 488 1243

1822 597 1941 656 per
2006 581 2181 660 quod
2218 583 2474 659 fructus
2521 581 2871 662 smqesqne
2947 595 3316 646 nascuntur.
3414 565 3421 570 ⁵

1829 677 2007 740 Alibi
2070 677 2208 762 Ops
2269 678 2609 741 Macrobio
2692 685 2990 744 Consivia
3052 684 3316 764 dicitur,

1831 798 2069 862 nempe
2105 800 2140 840 a
2174 785 2557 841 conserendo
2590 780 2667 860 e).
2727 782 2961 845 Plauto
3003 788 3127 864 Ops
3172 809 3323 866 opu·

1834 883 2008 943 lenta
2051 881 2223 943 Iovis
2261 893 2472 941 mater
2505 894 2605 941 est
2650 877 2724 961 ¹‘).
2784 882 2905 944 His
2935 884 3059 965 jam
3100 886 3328 950 obser·

1834 981 1998 1044 vatis
2061 982 2257 1044 facile
2317 981 2731 1066 explicantur
2790 985 2928 1068 typi
2993 985 3057 1047 in
3109 990 3325 1051 numis

1835 1094 1966 1143 tam
2004 1082 2355 1158 Antonini,
2402 1105 2592 1167 quam
2642 1085 3006 1147 Pertinacis
3051 1088 3327 1173 inscrip-

1834 1183 1918 1244 tis
1951 1183 2118 1246 OPI.
2164 1187 2235 1244 In
2266 1183 2598 1266 prioribus
2638 1185 2875 1246 mulier
2924 1187 3158 1251 sedens
3195 1212 3328 1253 ma-

1833 1304 1990 1344 num
2069 1285 2263 1366 capiti
2358 1285 2677 1367 applicat,
2766 1301 2917 1349 nota
2992 1289 3325 1354 Securita-

1832 1385 1916 1447 tis
1961 1385 2279 1469 imagine,
2344 1406 2535 1469 quam
2581 1405 2740 1467 opes
2789 1390 3087 1470 pariunt3
3124 1392 3191 1451 in
3238 1393 3332 1454 al-

213 1489 397 1578 plex.
479 1490 721 1550 Potest
762 1488 1045 1569 primum
1092 1487 1374 1571 intelligi
1401 1471 1540 1567 rOps
1566 1501 1723 1550 nota
1836 1484 1998 1546 teris
2087 1485 2328 1547 mulier
2425 1486 2633 1569 spicas
2721 1500 2931 1565 tenet,
3018 1491 3330 1555 nimirum

223 1589 491 1653 Saturni
570 1589 810 1668 conjux
831 1632 848 1663 ,

228 1896 323 1955 rio
344 1936 362 1967 ,
407 1891 602 1972 cujus
622 1910 816 1974 saepe
847 1892 1143 1957 meminit
1176 1893 1410 1956 Cicero
1445 1909 1728 1976 quoque,

233 2012 376 2056 cum
446 1989 784 2073 direptum
850 1992 930 2054 ab
985 1995 1271 2057 Antonio
1323 2014 1406 2059 ex
1449 2013 1525 2055 ea
1566 1992 1729 2055 aede

237 2095 475 2177 septies
529 2096 775 2159 millies
838 2098 968 2158 IIS.
1014 2096 1478 2176 conqueritur,
1554 2090 1734 2176 quod

237 2194 327 2257 ihi
370 2219 406 2259 a
436 2198 564 2259 Iul.
595 2200 873 2261 Caesare
929 2198 998 2259 in
1044 2217 1199 2259 usus
1250 2194 1516 2277 cogitati
1567 2194 1731 2256 belli

242 2297 533 2360 Parthici
555 2300 918 2382 sepositum
947 2298 1072 2361 fuit
1104 2299 1184 2377 ⁸.)
1244 2295 1406 2376 Ejus
1440 2292 1736 2356 meminit

248 2417 503 2481 quoque
577 2421 870 2462 marmor
936 2381 1206 2462 Gruteri
1247 2392 1348 2471 ι’)ε
1421 2395 1735 2462 LOCVS.

253 2499 698 2563 ADSIGNA'I
707 2503 836 2567 VS.
892 2503 1123 2563 AEDI.
1169 2498 1390 2563 OPIS.
1435 2499 1576 2557 ΕΤ.
1608 2495 1739 2556 SA-

254 2599 540 2664 TVRNI.
600 2604 828 2666 Potest
864 2603 1101 2664 deinde
1138 2599 1304 2683 Opis
1336 2597 1602 2659 nomine
1645 2595 1741 2656 in·

262 2699 472 2784 telligi
516 2704 809 2766 omnium
853 2724 1076 2767 rerum
1126 2703 1347 2783 copia,
1395 2717 1559 2782 quae
1593 2695 1746 2757 bea-

257 2811 378 2860 tam
404 2845 419 2875 ‚
469 2823 772 2868 securam
796 2849 812 2880 ,
861 2818 928 2866 et
958 2802 1368 2867 commodam
1398 2800 1595 2863 vitam
1649 2796 1744 2859 ef·

255 2897 402 2978 ficit,
442 2926 571 2988 qua
595 2919 775 2968 certe
807 2926 940 2967 non
964 2904 1226 2980 fruitur,
1265 2903 1375 2988 qui
1395 2906 1738 2979 inops-est.

256 3005 459 3086 Atque
508 3007 581 3067 iu
627 3007 753 3068 hoc
805 3026 1065 3091 quoque
1115 3026 1312 3067 sensu
1346 3003 1562 3086 Opem
1609 3004 1741 3062 Ro-

259 3124 392 3166 mae
421 3107 729 3170 habuisse
755 3108 1072 3190 templum
1096 3118 1370 3168 testatur
1389 3104 1623 3165 Cicero
1658 3105 1740 3181 c),

261 3204 518 3290 ejusque
572 3206 774 3289 ipsius
826 3207 1082 3267 videtur
1106 3206 1485 3278 fuissetne,
1547 3224 1741 3287 quam

259 3308 323 3367 in
358 3307 630 3390 regione
673 3307 828 3369 item
847 3309 1022 3373 VIII.
1061 3307 1339 3391 positam
1373 3306 1467 3368 sic
1500 3303 1746 3366 descri-

261 3408 351 3468 bit
387 3410 657 3475 Victor:
722 3411 874 3487 Opis
924 3419 991 3470 et
1052 3413 1290 3472 Cereris
1353 3428 1495 3469 cum
1559 3409 1745 3484 siyno

273 3513 628 3583 Vortumni,
676 3508 978 3590 quoniam
1031 3511 1375 3591 copulatur
1431 3527 1578 3572 cum
1627 3507 1745 3567 Ce-

265 3630 435 3686 rere,
480 3609 666 3692 cujus
686 3623 1045 3692 proventus
1081 3631 1265 3672 veras
1282 3609 1565 3670 hominis
1588 3627 1746 3689 opes

275 3713 683 3774 constituunt.
767 3711 1183 3803 Quanquam,
1247 3710 1301 3770 si
1336 3708 1744 3770 Macrobium

269 3811 546 3875 audimus
580 3812 642 3892 d)
671 3855 687 3885 ,
738 3810 878 3892 Ops
924 3811 991 3870 in
1027 3809 1395 3892 posteriore
1425 3829 1620 3870 sensu
1645 3829 1748 3870 ac-

276 3927 447 3995 cepta
484 3912 744 3976 nonnisi
782 3912 1024 3995 prioris
1077 3925 1176 3974 est
1224 3910 1534 3984 effectum
1600 3929 1748 3970 nam

277 4014 385 4075 ait:
415 4019 766 4079 Saturnum
797 4025 861 4075 et
881 4017 1070 4092 Opem
1086 4024 1218 4074 tam
1239 4015 1521 4092 fraqam,
1560 4032 1752 4093 qnam
1857 4079 1862 4083 ,

271 4116 581 4193 fructuum
608 4127 952 4195 repertores
1004 4133 1143 4176 esse
1191 4117 1498 4187 creditos,
1544 4146 1571 4158 -
1631 4122 1757 4173 -et

282 4224 495 4277 terram
530 4221 775 4278 dictam
793 4220 1025 4295 Opem,
1065 4235 1255 4301 emus
1290 4234 1406 4293 ope
1437 4217 1754 4275 humanae

281 4319 436 4378 vitae
467 4322 776 4379 alzmenta
824 4326 1244 4398 quaeruntur,
1290 4318 1397 4375 vel
1417 4318 1499 4375 ab
1535 4334 1751 4393 opere,

380 4481 437 4549 a)
474 4479 570 4535 Ad
605 4477 784 4535 Attin

284 4568 337 4637 c)
373 4565 443 4624 de
479 4569 615 4630 Nat.
668 4567 831 4624 deor.
872 4564 937 4622 L.
964 4563 1037 4621 11.
1076 4574 1166 4626 23.

290 4654 423 4713 stell.
460 4661 586 4720 Act.
621 4656 692 4717 II.
735 4677 813 4714 sc.
850 4654 894 4714 I.
936 4673 992 4749 Y.
1023 4663 1112 4725 39.

823 4476 885 4531 L.
928 4474 1085 4531 XIV.
1124 4493 1218 4549 ep.
1238 4481 1323 4534 14.
1363 4474 1424 4529 L.
1444 4474 1602 4532 XVI.
1644 4494 1736 4547 cp.
1727 4480 1831 4533 .14.
1874 4483 1929 4528 et
1956 4468 2351 4546 inPhilippici
2338 4487 2383 4523 ns
2417 4469 2657 4544 passim.

1329 4562 1398 4634 d)
1438 4563 1672 4619 Saturn.
1716 4563 1778 4617 L.
1815 4562 1857 4617 I.
1919 4580 1966 4619 c.
1998 4572 2081 4621 10.

1262 4655 1325 4728 g)
1365 4653 1498 4727 Pag.
1540 4652 1758 4710 XXVI.
1794 4658 1849 4711 4.

944 1587 1129 1670 cujus
1193 1593 1446 1651 Romae
1520 1589 1728 1649 fuisse
1851 1588 2005 1665 Opis
2057 1600 2420 1670 proventus
2477 1606 2634 1652 vere
2680 1591 2972 1664 divinos,
3049 1613 3330 1676 quorum

221 1691 551 1775 templum
607 1689 673 1751 in
720 1688 996 1771 regione
1046 1691 1218 1757 VIII.
1267 1704 1543 1752 testatur
1575 1692 1728 1757 Vic-

225 1806 370 1856 tor:
414 1795 627 1855 Aedis
665 1793 824 1869 Opis
853 1801 919 1853 et
956 1793 1230 1855 Saturna·
1264 1798 1333 1854 in
1360 1797 1501 1853 vico
1539 1794 1730 1870 [uqa-

1845 1687 2248 1773 peculiarem
2280 1707 2502 1750 curam
2548 1687 2851 1750 habuisse
2884 1691 3324 1770 Pertinacem,

1844 1789 2155 1850 continuo
2198 1788 2425 1858 videre
2469 1789 2719 1855 licebit.
2765 1792 2928 1853 Cum
2972 1792 3099 1855 hoc
3131 1814 3332 1856 numo

1844 1903 1992 1972 apte
2026 1889 2355 1972 jungimus
2382 1889 2907 1974 inscriptionem,
2953 1915 3145 1978 quam
3197 1897 3337 1960 vul-

1848 1991 2025 2073 gavit
2077 1992 2402 2053 Gruterus
2433 1992 2536 2071 ὃ).

1927 2190 2099 2257 ΟΡῙ.
2143 2194 2535 2258 DIVINAE.
2577 2194 2717 2254 ET.
2762 2193 3248 2265 FORTVNAE

2148 2295 2753 2358 PRIMIGENIAE.
2801 2296 3044 2360 SACR.

2125 2395 2299 2455 IMP.
2347 2396 2706 2458 CAESAR.
2752 2399 3058 2464 HELVII

2095 2496 2640 2558 PERTINACIS.
2682 2497 3086 2566 AVGVSTI.

2435 2598 2515 2666 V.
2560 2596 2642 2657 D.
2689 2600 2772 2658 D.

1858 2793 2176 2859 Addenda
2228 2809 2293 2858 et
2345 2796 2551 2860 altera
2606 2818 2688 2861 ex
2730 2800 3133 2866 Kalendario
3179 2826 3347 2868 mar·

1857 2919 2087 2961 moreo
2136 2898 2588 2976 Amiternino,
2650 2900 2717 2961 in
2777 2923 2905 2986 quo
2963 2905 3057 2966 sic
3100 2906 3349 2991 legitur

1854 3001 1937 3062 ad
1974 3002 2085 3068 IV.
2131 3000 2275 3061 idus
2329 3003 2492 3093 Aug.
2537 3003 2863 3065 FERIAE
2915 3006 3166 3098 QVOD
3220 3008 3347 3072 EO

1854 3103 2008 3161 DIE
2053 3104 2290 3161 AR'AE
2332 3104 2656 3164 CERERI
2706 3108 2986 3167 MATRI
3031 3111 3149 3169 ET
3197 3110 3351 3172 OPt

1856 3202 2335 3266 AVGVSTAE
2390 3204 2511 3263 Ex
2574 3203 2825 3267 VOTO
2892 3209 3349 3276 SVSCEPTO

1861 3299 2486 3379 CONST1‘11VTAE
2524 3303 2752 3369 SVNT
2789 3307 3174 3373 CRETICO
3230 3312 3349 3373 ET

1860 3403 2128 3465 LONG.
2177 3403 2373 3464 Cos.
2413 3423 2578 3489 quae
2625 3418 2723 3467 est
2767 3420 2919 3468 nota
2962 3410 3112 3469 anni
3165 3413 3245 3477 V.
3278 3414 3349 3477 C.

1861 3504 2007 3582 760.
2088 3506 2295 3586 Atque
2356 3503 2436 3565 ad
2480 3505 2761 3568 eundem
2809 3507 2980 3569 diem
3027 3510 3356 3573 Kalenda-

1860 3607 2032 3667 rium
2095 3606 2645 3687 Capranicorum:
2724 3610 3049 3670 FERIAE
3116 3612 3354 3673 ARAE

1864 3704 2063 3768 OPIS
2093 3708 2210 3766 ET
2233 3708 2608 3769 CERERIS
2644 3711 2730 3770 IN
2751 3709 2960 3775 Vlco
2981 3711 3352 3779 IVGAmO

1864 3803 2512 3874 CONSTITV'I'AE.
2560 3811 2811 3877 SVNT.

2596 3907 2637 3947 ῢ

2760 3952 2802 3992 ἢ

2160 4012 2244 4068 Vt
2282 4010 2377 4070 lit.
2412 3949 2496 4070 ἑ.

1864 4107 2067 4171 ΡΟΝ.
2112 4111 2204 4169 Μ.
2251 4112 2390 4169 '1R.
2435 4112 2509 4170 P.
2554 4108 2746 4173 Cos.
2767 4112 2847 4171 11.
2896 4111 2963 4175 8.
3002 4113 3078 4175 C.
3123 4118 3357 4182 Mulier

1864 4216 2085 4273 sedem
2117 4213 2178 4269 d.
2208 4211 2441 4286 spicas.
2501 4209 2639 4272 AE.
2674 4212 2756 4275 11.
2804 4214 3008 4291 (Mus.
3028 4215 3244 4331 Caes.)

2151 4314 2234 4370 Vt
2274 4312 2371 4370 lant
2405 4315 2485 4372 A.

2702 4477 2718 4483 “
2805 4470 2873 4543 b)
2913 4472 3352 4550 Pag.XXV1.3.

2248 4562 2311 4633 e)
2351 4555 2579 4617 Ibidem
2618 4557 2681 4615 L.
2712 4559 2811 4620 111.
2869 4580 2917 4617 c.
2945 4575 2997 4634 9.
3164 4565 3216 4636 D
3259 4567 3355 4623 Ci-
