4652 5937
1460 451 2155 547 GORDIANVS
2217 454 2349 541 III.

3316 480 3462 557 309

1056 743 1151 805 Μ.
1233 739 1810 808 ANTONIVS
1897 721 2541 807 eo'amfnvrs
2622 742 2749 805 ιιι.

411 922 418 930 ’
459 941 811 1013 ,Gordiani
871 939 1153 1007 senioris
1211 962 1293 1008 ex
1336 941 1478 1009 filio
1520 944 1857 1010 Gordiano

358 1048 625 1136 juniore
649 1092 667 1123 ,
712 1057 820 1109 aut
853 1042 1213 1108 secundum
1257 1045 1420 1108 alios
1468 1066 1549 1109 ex
1577 1045 1712 1110 filia
1743 1067 1860 1109 ne·

356 1172 502 1237 pos.
585 1150 691 1211 De
744 1166 944 1223 anno,
1003 1165 1133 1229 quo
1176 1160 1365 1210 natus
1411 1161 1547 1224 est,
1591 1169 1723 1211 non
1760 1169 1858 1210 sa·

358 1254 448 1316 tis
492 1262 782 1323 constat,
827 1246 944 1310 sed
978 1248 1260 1311 natalem
1297 1250 1470 1310 XIII.
1505 1249 1658 1312 Kal.
1689 1247 1855 1312 Feb.

312 1354 675 1423 ‘evincunt
720 1350 873 1415 bina
924 1349 1323 1413 Kalendaria
1372 1348 1545 1434 apud
1598 1349 1856 1412 Buche-

356 1457 530 1523 rium
596 1455 676 1535 ⁸).
753 1454 1054 1538 Vtroque
1098 1449 1432 1514 Gordiano
1474 1451 1555 1519 V.
1603 1452 1678 1514 C.
1727 1471 1845 1534 991

360 1558 653 1624 violenta
691 1574 857 1619 nece
894 1555 959 1615 in
990 1552 1216 1617 Africa
1248 1571 1485 1638 magno
1529 1551 1709 1616 urbis
1756 1552 1857 1614 lu·

363 1656 873 1734 ctu-exstincto,
920 1654 1346 1739 suffectisque
1390 1654 1461 1716 in
1493 1673 1722 1717 eorum
1760 1654 1858 1717 lo·

365 1782 517 1843 cum
561 1783 598 1822 a
644 1773 870 1839 senatu
900 1757 1178 1821 Balbino
1222 1770 1287 1818 et
1329 1757 1658 1841 Pupieno,
1703 1775 1854 1819 cum

364 1863 647 1948 populus
678 1861 958 1944 Pupieni
990 1859 1402 1923 severitatem
1429 1856 1856 1951 pertimesce·

365 1977 508 2040 ret,
579 1977 649 2024 et
696 1981 819 2045 per
871 1959 1329 2024 incredibilem
1381 1957 1448 2018 in
1489 1957 1855 2021 Gordianos

364 2065 695 2133 adfectum
719 2106 737 2133 ,
785 2062 895 2146 qui
933 2062 997 2123 in
1026 2083 1216 2125 causa
1255 2058 1420 2144 reip.
1445 2058 1856 2121 aMaximino

370 2164 688 2229 atrociter
744 2176 1019 2227 vexatae
1095 2162 1292 2241 vitam
1357 2158 1699 2242 abjecere,
1773 2179 1855 2222 ex

365 2265 606 2329 horum
639 2279 835 2350 gente
879 2263 1244 2348 principem
1291 2260 1554 2335 mallet,
1600 2260 1859 2323 obside·

368 2387 446 2431 re
477 2383 697 2452 patres
735 2367 802 2430 in
842 2364 1166 2449 Capitolio
1202 2381 1331 2423 non
1373 2361 1657 2439 destitit,
1703 2362 1857 2424 dum

371 2469 721 2532 arcessitus
757 2468 953 2530 domo
991 2464 1359 2529 Gordianus
1400 2483 1597 2546 puer,
1663 2483 1857 2548 quem
1953 2485 1961 2488 ⁷

373 2571 485 2636 al'ii
552 2584 689 2633 tum
751 2568 1097 2640 undecim,
1159 2564 1272 2627 alii
1329 2563 1685 2642 tredecim,
1748 2564 1862 2650 qui

373 2648 769 2756 plurimum,
833 2667 1123 2749 sedecim
1168 2687 1372 2729 annos
1420 2680 1641 2769 natum
1685 2665 1863 2728 dixe·

374 2793 490 2850 re,
534 2771 916 2857 positusque
961 2769 1032 2831 in
1071 2769 1431 2849 concione,
1477 2770 1716 2834 Caesar
1752 2790 1862 2853 ap-

372 2874 759 2958 pellat-etur.

722 3081 795 3140 V.
846 3080 907 3140 C.
950 3085 1097 3140 991.
1144 3075 1212 3136 Ρ.
1260 3077 1342 3137 Χ.
1386 3082 1534 3138 238.

573 3181 934 3243 CAESAR.
978 3180 1250 3239 PRINC.
1295 3179 1659 3242 IVVENT‘.

543 3284 670 3343 Au.
704 3282 843 3357 Pio,
890 3281 1206 3342 Pontiano
1256 3281 1522 3341 Proculo
1564 3298 1693 3341 cos.

502 3482 836 3567 Pupienus
871 3482 953 3545 ad
1002 3480 1251 3544 bellum
1302 3477 1616 3541 adversus
1662 3479 1869 3542 Maxi-

383 3584 626 3647 minum
664 3584 834 3662 exit,
878 3583 1193 3645 Balbinus
1233 3594 1299 3643 et
1334 3578 1702 3644 Gordianus
1734 3584 1868 3644 Ro-

383 3705 526 3748 mae
567 3685 902 3748 resistunt.
952 3684 1116 3748 Orta
1157 3681 1429 3766 ingente
1468 3685 1642 3747 inter
1679 3704 1869 3768 prae·

384 3788 674 3850 tot-ianos
736 3808 809 3850 ac
868 3787 1185 3871 populum
1245 3782 1565 3846 seditione
1611 3767 1891 3849 sublato*

381 3887 451 3949 in
494 3889 698 3951 altum
736 3887 1074 3952 Gordiano
1135 3909 1344 3976 puero
1373 3933 1391 3966 ,
1453 3899 1521 3951 et
1571 3889 1866 3972 utrisque

389 4002 713 4053 ostentato
757 3989 1139 4073 mitigantur
1166 3991 1362 4054 animi
1384 3985 1417 4067 ‚'
1455 4003 1522 4051 et
1555 4010 1679 4073 pax
1725 4011 1871 4053 coa·

383 4089 594 4152 leseit.
681 4091 1077 4156 Maximinus
1147 4113 1296 4156 cum
1374 4089 1515 4153 filio
1583 4091 1869 4152 Maximo

385 4190 558 4273 apud
615 4191 981 4275 Aquileiam
1031 4196 1462 4277 interemptus
1509 4189 1706 4254 novis.
1745 4190 1874 4251 Au-

386 4292 592 4374 gustis
625 4291 976 4375 imperium
1013 4294 1247 4358 firmat.

646 4396 758 4454 M.
796 4397 1002 4460 ANT.
1056 4396 1589 4467 GORDIANVS.
1627 4396 1871 4462 CAES.

677 4499 883 4578 Caput
902 4503 1158 4562 nudum.

465 4707 527 4777 a)
569 4708 767 4765 Doctr.
803 4719 987 4783 temp.
1025 4726 1089 4783 p.
1127 4707 1261 4772 276..
1364 4753 1369 4758 .

1970 945 2310 1019 PIETAS.
2329 942 2590 1012 AVGG.
2607 948 3466 1035 Imtrnmentapoutificalia.

1971 1048 2108 1110 An.
2148 1047 2289 1110 ΔΕ.
2332 1049 2385 1108 1.
2420 1050 2620 1127 (Mus.
2654 1050 2872 1128 Caes.)

2101 1148 2243 1210 Soli
2293 1147 2362 1208 hi
2406 1161 2555 1209 sunt
2592 1147 2907 1211 Gordiani
2946 1163 3195 1214 tantum
3232 1156 3463 1222 Caesa·

1971 1248 2062 1309 ris
2105 1250 2321 1324 numi,
2382 1248 2438 1310 si
2499 1249 2720 1312 demas
2780 1272 3010 1314 numos
3076 1255 3338 1319 Balbini
3395 1271 3473 1327 et.

1968 1350 2248 1433 Pupieni
2271 1371 2417 1413 cum
2456 1364 2612 1433 typo
2634 1350 3115 1430 Liberalitatis,
3154 1359 3259 1419 cui
3293 1360 3463 1423 Gor·

1970 1450 2197 1519 dianus
2226 1473 2350 1515 una
2383 1471 2533 1514 cum
2570 1451 2883 1536 Augustis
2914 1459 3263 1537 praesidet,
3299 1464 3460 1527 item

1969 1574 2236 1615 numum
2281 1553 2604 1635 Pupieni,
2666 1553 2734 1615 in
2793 1554 2979 1637 cujus
3037 1578 3264 1627 aversa
3309 1581 3461 1628 sunt

1970 1655 2180 1738 capita
2226 1653 2490 1715 Balbini
2539 1653 2933 1731 laureatum,
2996 1660 3312 1724 Gordiani
3360 1688 3463 1728 ra-

1971 1755 2236 1820 diatum.
2316 1757 2390 1817 In
2439 1756 2650 1819 antica
2712 1757 3043 1822 variorum
3110 1784 3464 1831 numerum

1972 1857 2379 1923 Graecorum
2445 1873 2829 1940 comparent
2882 1860 3093 1923 ,etiam
3166 1866 3462 1933 omnium

1969 1959 2167 2022 trium
2209 1958 2551 2044 imagines.
2614 1967 2688 2025 In
2714 1966 2815 2026 his
2851 1967 3151 2029 omnibus
3185 1967 3462 2031 Gordia·

1970 2081 2093 2122 nus
2127 2073 2505 2124 constanter
2532 2074 2778 2127 tantum
2803 2071 3036 2128 Caesar
3068 2070 3456 2153 appellatur.

1974 2162 2047 2221 In
2080 2182 2279 2224 numo
2329 2161 2627 2226 coloniae
2661 2167 2976 2231 Parianae
3011 2172 3261 2249 Mysiae
3300 2169 3461 2235 dici·

1930 2291 1939 2297 ·
1971 2277 2080 2326 tur
2109 2262 2404 2328 NOBIL.
2440 2264 2633 2332 CAE.
2674 2268 2872 2350 (Mus.
2906 2270 3120 2352 Caes.)

2474 2474 2716 2551 Eodem
2758 2491 2928 2535 anno
2948 2495 2975 2537 .·

1973 2604 2472 2669 AVGVSTVS.
2523 2611 2647 2681 ΤΒ.
2691 2612 2767 2673 Ρ.
2815 2612 2991 2673 COS.
3034 2615 3107 2673 P.
3151 2615 3237 2677 M.
3270 2614 3345 2675 P.
3394 2617 3461 2674 Ρ.

2100 2768 2381 2832 Balbino
2453 2785 2521 2834 et
2572 2775 2874 2858 Pupieno
2939 2800 2975 2840 a
3032 2779 3466 2861 praetorianis

1975 2870 2245 2936 circiter
2293 2887 2574 2937 exeunte
2631 2876 2799 2940 Iulio
2845 2877 3052 2940 caesis
3095 2881 3468 2944 Gordianus

1976 2974 2263 3037 unanimi
2324 2996 2648 3039 consensu
2702 2993 2831 3042 tam
2878 2982 3467 3064 praetorianorum„

1978 3095 2168 3159 quam
2199 3092 2461 3139 senatus
2497 3079 2830 3163 Augustus
2863 3086 3306 3170 renunciatur.

2103 3180 2207 3238 Ex
2250 3180 2507 3255 nuruis,
2576 3201 2856 3265 quorum
2899 3206 3021 3267 per
3066 3187 3470 3251 mentionem

1977 3277 2130 3339 trib.
2174 3280 2555 3361 potestatis,
2604 3297 2669 3343 et
2718 3284 3093 3347 consulatus
3143 3302 3323 3349 certa
3366 3271 3473 3350 est

1979 3391 2155 3439 aetas
2182 3421 2199 3453 ,
2246 3393 2553 3462 apparet,
2599 3404 2635 3442 a
2665 3380 2999 3447 Gordiano
3045 3387 3308 3448 nomina
3341 3389 3475 3470 pri-

1981 3499 2160 3540 mum
2214 3482 2353 3554 Pii,
2399 3477 2656 3545 ‘deinde
2717 3487 2954 3547 Felicis
3015 3485 3083 3546 in
3137 3487 3475 3550 tribunatu

1981 3579 2061 3641 11.
2107 3599 2254 3642 esse
2294 3579 2629 3664 adoptata,
2692 3604 2858 3668 quae
2919 3587 3124 3648 semel
3159 3603 3477 3671 suscepta

1981 3681 2050 3742 in
2093 3683 2307 3743 numis
2354 3683 2588 3745 omissa
2635 3707 2960 3770 nunquam
2996 3687 3223 3765 fuere,
3276 3690 3330 3752 si
3365 3690 3476 3752 Li-

1983 3781 2347 3845 beralitatis
2380 3806 2613 3848 numos
2663 3783 2917 3864 demas,
2984 3790 3068 3852 de
3105 3791 3338 3876 quibus
3381 3793 3478 3852 in·

1981 3882 2085 3947 fra
2132 3886 2482 3968 separatim
2520 3903 2775 3971 agetur.
2843 3889 3065 3986 Quare
3117 3893 3301 3955 numi
3342 3913 3479 3955 otn-

1983 4007 2137 4063 nes,
2200 3987 2310 4069 qui
2366 3986 2490 4048 his‘
2514 3988 2722 4051 titulis
2779 4006 3041 4070 cat-ent,
3101 3992 3185 4055 ad
3237 4015 3479 4057 annum

1984 4102 2438 4172 praesentem,
2495 4102 2564 4152 et
2616 4108 2871 4176 partem
2938 4085 3271 4179 sequentis
3328 4095 3477 4177 juro

1983 4190 2348 4274 pertinent.

1985 4295 2063 4355 A.
2268 4291 2448 4356 IMP.
2486 4293 2727 4357 CAES.
2757 4298 2849 4359 M.
2891 4297 3477 4362 ANT.GORD1A·

2271 4393 2465 4458 NVS.
2500 4396 2700 4461 AVG.
2749 4400 2952 4477 Caput
2978 4403 3368 4478 laureatum,
3407 4405 3478 4466 iu

2273 4501 2422 4561 AV.
2451 4501 2594 4561 ΑΕ.
2633 4501 2694 4560 1.
2728 4501 2819 4563 11.
