4652 5937
1201 434 1250 510 ὁ
2176 421 2886 501 A‘NToNleS
2988 426 3289 500 PIVS.

1190 627 1477 698 argento
1528 612 1815 675 nondum
1864 610 2211 674 observati.
2275 609 2497 705 Quare
2540 630 2688 673 cum

1202 730 1334 778 tam
1385 728 1828 789 constantem,
1891 725 1958 775 et
2000 709 2338 773 definitum
2368 710 2434 773 in
2471 713 2550 773 iis
2598 712 2692 776 vi·

1202 816 1469 878 deamus
1517 813 1818 890 modum,
1890 828 1960 878 ut
2022 822 2249 875 eorum
2300 826 2482 876 recta
2539 832 2691 896 pro·

1201 917 1392 979 cedat
1454 917 1842 1000 explicatio,
1893 935 2301 999 nequaquam
2359 913 2691 999 inquiren·

1203 1018 1518 1091 da”ratio‚
1565 1039 1731 1102 quae
1760 1018 1842 1080 ad
1877 1017 2165 1101 singulas
2204 1020 2482 1081 seorsim
2532 1039 2686 1102 pro·

1198 1118 1482 1195 vincias,
1525 1119 1644 1181 sed
1672 1139 1841 1203 quae
1886 1117 1965 1180 ad
2015 1140 2247 1182 omnes
2288 1122 2481 1182 simul
2517 1141 2689 1182 sum-

1193 1231 1339 1302 ptas
1383 1223 1731 1303 pertineat.
1800 1219 1947 1314 Quo
1986 1220 2052 1280 in
2107 1222 2404 1293 examine
2456 1243 2686 1305 parum

1192 1323 1461 1405 reperio
1483 1319 1691 1382 solida
1720 1322 2489 1409 antiquariorumjudicia
2511 1369 2530 1400 ‚
2574 1322 2687 1407 qui

1194 1420 1510 1486 hactenus
1537 1423 1605 1482 in
1636 1414 1758 1482 hos
1789 1434 2021 1483 num‘os
2065 1426 2485 1487 commentati
2515 1439 2684 1502 sunt,

1195 1522 1353 1607 dum
1414 1524 1527 1586 alii
1579 1522 1662 1585 ad
1715 1522 2137 1605 explicandos
2190 1543 2305 1587 eos
2368 1525 2687 1588 advocant

1190 1603 1641 1689 testimonium
1692 1624 2042 1706 Capitolini
2081 1626 2444 1709 generatim
2496 1623 2688 1688 adfir-

1194 1728 1468 1801 mantis,
1563 1718 1925 1808 imperante
2004 1726 2338 1788 Antonino
2422 1741 2686 1789 cunctas

1186 1831 1563 1907 provincias
1584 1829 1913 1906 floruisse,
1961 1826 2235 1909 perinde
2271 1828 2454 1913 quasi
2489 1831 2687 1891 Anto-

1192 1927 1386 1988 ninus
1436 1928 1500 2007 in
1550 1928 1696 2010 ipso
1744 1927 2005 2011 imperii
2055 1928 2232 1991 aditu
2279 1926 2409 2011 jam
2443 1928 2689 1991 stabili-

1192 2027 1369 2091 verit
1448 2027 1834 2090 felicitatem
1912 2028 2437 2110 provinciarum,
2516 2050 2688 2092 eam-

1122 2124 1155 2143 ¹
1194 2148 1325 2212 que
1379 2129 1502 2191 hae
1545 2150 1667 2213 per
1712 2129 2115 2191 monetarios
2160 2132 2491 2193 Romanos
2534 2153 2689 2217 pro·

1191 2229 1407 2292 fessae
1468 2231 1633 2307 sint,
1700 2243 1768 2292 et
1830 2230 2180 2313 Capitolini
2242 2229 2509 2317 effatum
2551 2254 2686 2295 non

1194 2351 1391 2394 omne
1443 2331 1584 2414 ejus
1629 2330 1892 2413 imperii
1943 2344 2233 2414 tempus,
2281 2331 2398 2392 sed
2447 2356 2685 2396 annum

1192 2431 1779 2515 nonnisisprimum
1831 2432 2219 2514 respiceret.
2283 2432 2460 2527 Quid
2509 2434 2687 2518 quod

1187 2538 1319 2597 hoc
1352 2547 1543 2619 pacto
1567 2550 1842 2594 necesse
1877 2534 2004 2594 erit
2042 2530 2265 2596 dicere
2288 2578 2304 2609 ,
2350 2533 2680 2596 Parthiam

1189 2648 1486 2722 quoque,
1532 2655 1610 2696 ac
1657 2633 1989 2715 Scythiam
2029 2632 2096 2694 in
2142 2633 2246 2695 his
2292 2635 2508 2696 numis
2550 2654 2686 2696 me·

1187 2750 1473 2821 moratas
1534 2758 1570 2797 a
1632 2734 2013 2799 monetariis
2063 2734 2285 2798 beatas
2326 2734 2686 2819 .praedica-·

1184 2839 1280 2913 ri,
1328 2851 1395 2902 et
1436 2835 1746 2897 Antonini
1792 2833 2095 2916 auspiciis
2133 2833 2474 2912 floruisse,
2522 2858 2680 2920 quas

1182 2955 1405 3003 tamen
1452 2956 1598 3001 esse
1646 2932 1936 2999 infirmas
1989 2937 2435 3000 Romanorum
2480 2939 2681 3000 maxi-

1182 3060 1292 3103 me
1341 3030 1693 3100 intererat.‘
1763 3037 1898 3098 Alii
1941 3037 2195 3120 singula
2232 3039 2545 3101 Antonini
2585 3039 2680 3102 fa·

1185 3154 1327 3215 cta,
1392 3158 1558 3224 quae
1597 3137 1678 3200 ad
1722 3138 2013 3222 singulas
2062 3138 2432 3220 provincias
2475 3140 2678 3224 perti·

1180 3255 1377 3316 nent,
1425 3259 1589 3324 quae
1638 3253 1939 3301 auctores
1978 3252 2240 3304 veteres
2285 3237 2674 3318 memorant,

1184 3341 1269 3406 ad
1303 3342 1425 3404 hos
1458 3359 1694 3402 numos
1736 3338 2102 3424 adplicant,
2158 3341 2436 3425 perinde
2490 3344 2674 3427 quasi

1186 3442 1440 3515 omnia,
1486 3460 1652 3524 quae
1697 3455 1961 3506 veteres
2009 3441 2091 3503 de
2140 3440 2472 3522 Antonino
2523 3466 2676 3529 pro-

1190 3542 1454 3616 didere,
1501 3541 1716 3625 primo
1752 3542 1967 3604 statim
1999 3541 2261 3624 inperii
2306 3563 2509 3621 anno,
2556 3567 2675 3609 seu

1178 3645 1252 3707 in
1283 3643 1624 3708 consulatu
1667 3645 1750 3705 11.
1810 3642 2126 3711 accidisse
2154 3643 2254 3726 ,sit
2299 3644 2675 3711 existiman·

1183 3744 1361 3811 dum.

1310 3849 1678 3932 Antequam
1724 3837 2068 3931 probabile
2105 3844 2188 3908 de
2218 3846 2324 3908 his
2355 3845 2671 3929 judicium

1180 3945 1349 4011 ferri
1429 3949 1671 4032 possit,
1748 3944 2192 4010 definiendum
2268 3952 2668 4029 necessario,

1183 4051 1491 4134 quidnam
1538 4051 1622 4111 sit
1666 4047 1877 4124 illud,
1939 4050 2116 4135 quod
2162 4039 2368 4135 partis
2399 4073 2668 4117 aversae

1179 4148 1393 4238 figura
1455 4172 1648 4213 manu
1695 4150 1966 4212 dextera
2026 4139 2326 4237 porrigit.
2401 4156 2474 4214 In
2524 4155 2669 4217 aliis

1174 4249 1512 4314 luculenta
1586 4263 1686 4312 est
1760 4272 2039 4327 corona,
2131 4253 2200 4313 in
2275 4254 2420 4316 aliis
2498 4256 2672 4320 cani-

1177 4351 1329 4425 stri,
1410 4363 1520 4412 aut
1579 4369 1810 4433 capsae
1868 4350 2185 4433 quaedam
2220 4355 2540 4436 species„
2583 4360 2660 4419 In
2711 4365 2732 4454 “1

2803 610 3013 673 altero
3045 610 3299 673 sta
3335 608 3687 672 canistrum
3720 623 3820 674 est
3855 625 4172 685 constans
4187 611 4325 673 'tri-

2802 713 2924 774 bus
2968 712 3228 776 coronis
3249 755 3286 790 ,‚
3331 733 3604 796 quarum
3667 723 3794 775 una
3853 713 4042 777 alteri
4083 713 4329 796 impo-

2806 815 2925 875 sita
2979 828 3098 876 est.
3164 815 3239 875 In
3269 833 3470 874 numo
3506 814 3767 876 DACIA
3804 814 4117 877 dicuntur
4157 833 4333 878 esse

2804 915 3195 991 monticuli,
3242 912 3360 975 sed
3407 912 3582 976 haud
3631 915 3827 977 dubie
3863 937 4163 979 coronae
4213 938 4332 979 ra·

2805 1016 2895 1078 dii
2928 1017 3163 1078 horum
3184 1016 3469 1100 speciem
3509 1016 3849 1099 praebent.
3893 1018 4105 1101 Igitur
4143 1018 4209 1080 si
4232 1038 4330 1080 ex

2802 1118 3085 1203 imagine
3156 1115 3543 1200 capiendum
3619 1118 3969 1200 judicium,
4052 1118 4329 1202 partim

2800 1239 3110 1283 coronam
3149 1218 3352 1293 sistit,
3398 1220 3633 1301 partim
3672 1219 4061 1295 canistrum,
4107 1219 4322 1303 quod

2800 1299 3130 1404 quidpiam
3184 1320 3482 1385 includit.
3554 1321 3675 1382 His
3726 1319 4027 1380 stabilitis
4071 1328 4324 1402 'expe-

2799 1420 3000 1484 ditior
3036 1433 3136 1482 est
3168 1419 3251 1483 ad
3284 1434 3501 1482 cetera
3545 1421 3682 1496 via,
3729 1441 3857 1503 qua
3903 1418 4324 1491 sententiam

2797 1542 3010 1584 meam
3045 1521 3317 1583 eruditis
3345 1523 3751 1604 propositum
3789 1539 3899 1585 eo.

2927 1622 3133 1697 Illud,
3180 1622 3357 1707 quod
3401 1620 3612 1706 figura
3649 1623 3716 1683 in
3759 1622 3862 1683 his
3911 1623 4128 1686 numis
4168 1628 4325 1686 nia·

2800 1748 2891 1787 nu
2917 1725 3246 1809 praefert,
3295 1745 3607 1788 coronam
3657 1745 3920 1785 auream
3959 1744 4107 1787 esse
4145 1746 4326 1790 cen-

2803 1847 2956 1902 seo,
3019 1840 3128 1889 aut
3172 1825 3347 1910 quod
3410 1846 3533 1909 pro
3593 1825 3720 1887 hoc
3746 1824 3886 1886 dari
3930 1830 4325 1908 consuevit,

2803 1951 3032 1992 aurum
3064 1931 3487 1991 coronarium.
3543 1927 3750 1995 Vetus
3783 1927 3956 1989 enim
4005 1943 4148 1990 erat
4165 1928 4318 2012 jam

2803 2029 2998 2093 etiam
3060 2028 3235 2113 apud
3295 2030 3584 2091 Graecos
3629 2048 3807 2104 mos,
3869 2043 3941 2090 ut
3990 2029 4104 2105 iis,
4137 2029 4323 2114 ‘qui-

2800 2130 2924 2193 bus
2969 2129 3306 2192 habendus
3365 2142 3540 2192 esset
3585 2128 3834 2204 honos,
3898 2143 4008 2191 aut
4049 2130 4318 2193 haben-

2803 2232 2925 2295 dae
2984 2232 3268 2316 gratiae,
3350 2251 3592 2294 corona
3651 2251 3848 2293 aurea
3910 2229 4309 2293 donaretur.

2800 2335 2934 2394 Iam
2987 2353 3156 2395 anno
3217 2334 3295 2401 V.
3360 2332 3432 2393 C.
3495 2332 3643 2396 331.
3710 2331 4029 2394 Thraciae
4088 2332 4312 2395 urbes

2799 2434 3136 2497 Brasidam
3181 2432 3568 2516 Spartanum
3620 2447 3923 2517 tanquam
3972 2433 4311 2496 Graeciae

2799 2536 3225 2598 liberatorem
3257 2555 3500 2597 corona
3533 2554 3730 2597 aurea
3756 2532 4152 2597 redimivere
4214 2532 4308 2614 ⁸).

2796 2638 3134 2704 'vetustius
3194 2638 3568 2721 exemplum
3620 2634 3703 2696 de
3763 2648 4072 2699 coronata
4125 2656 4306 2699 auro

2796 2740 3148 2800 Damareta
3184 2736 3456 2800 Gelonis
3490 2755 3696 2798 uxore
3748 2735 4042 2798 dabimus
4091 2735 4299 2814 iufra,

2794 2853 2933 2902 tum
2985 2853 3051 2900 et
3073 2838 3484 2922 posteriora,
3538 2838 4071 2920 quorumssmulta
4126 2859 4304 2921 quo-

2796 2961 2923 3026 que
2978 2950 3494 3003 commemorant
3543 2936 3938 3022 scriptores,
3987 2958 4136 3001 cum
4176 2940 4301 3003 ha·

2737 3043 2742 3048 ’
2790 3043 2963 3106 bitos
3013 3064 3048 3103 a
3094 3040 3464 3104 civitatibus
3515 3039 3888 3102 Alexandro
3941 3040 4032 3103 M.
4078 3041 4294 3104 hono·

2790 3166 2901 3208 res
2970 3153 3519 3216 commemorant,
3585 3154 3725 3201 tum
3794 3140 3992 3202 etiam
4040 3142 4296 3205 Demo·

2791 3245 3058 3306 sthenes
3099 3238 3186 3323 ιΦ).
3231 3246 3444 3327 Atque
3488 3241 3820 3325 antiquum
3875 3240 4051 3303 istud
4082 3227 4293 3304 Grae,

2791 3365 3018 3409 corum
3045 3344 3464 3424 institutum,
3521 3341 3825 3425 quoniam
3875 3340 3958 3403 ad
4005 3360 4148 3404 rem
4190 3342 4295 3405 fa·

2790 3446 3087 3510 ciendam
3137 3445 3342 3509 valuit
3369 3488 3385 3520 ,
3424 3440 3908 3525 facilemapud
3949 3444 4290 3505 Romanos

2789 3548 3035 3612 aditum
3093 3547 3364 3631 reperit.
3451 3543 3684 3606 Adhuc
3737 3555 3946 3604 stante
4005 3563 4146 3627 rep.
4199 3544 4290 3606 ab
4341 3617 4380 3624 ‘-

2785 3649 3070 3712 Aemilio
3097 3646 3332 3712 Paullo
3369 3646 3436 3707 in
3463 3643 3796 3726 triumpho
3834 3662 3917 3705 ex
3945 3644 4116 3708 victa
4145 3648 4290 3708 Ma-

2788 3751 3064 3815 cedonia
3109 3748 3441 3834 praelatae
3503 3765 3785 3808 coronae
3835 3765 4072 3809 aureae
4103 3746 4283 3823 CD.,

2788 3873 2825 3915 a
2861 3852 3108 3915 Manlio
3155 3870 3237 3913 ex
3288 3848 3459 3913 victa
3512 3845 3968 3928 Gallograecia
4018 3849 4182 3926 CC.;
4243 3870 4282 3909 a

2789 3957 2868 4016 Τ.
2910 3950 3219 4045 Quinctio
3251 3968 3334 4012 ex
3368 3949 3541 4010 victa
3566 3947 3953 4009 Macedonia
4005 3949 4231 4015 CXIV.
4258 3994 4276 4025 ,

2784 4075 2943 4138 quas
2991 4052 3285 4115 civitates
3329 4046 3622 4113 Graecae
3658 4047 4017 4112 victoribus
4071 4050 4280 4112 hono·

2783 4154 2877 4216 ris
2911 4139 3111 4238 erg‘o,
3163 4150 3385 4216 verius
3437 4171 3627 4213 causa
3670 4148 4024 4233 captandae
4074 4149 4275 4212 bene·

2782 4254 3112 4319 volentiae
3146 4252 3228 4315 ad
3263 4251 3663 4334 triumphum
3698 4250 4020 4313 obtulere.
4099 4249 4273 4318 Vide

2787 4358 2871 4420 de
2944 4356 3046 4419 his
3121 4353 3403 4417 Livium.
3494 4351 4077 4442 Quammopiosas
4159 4370 4276 4413 eo—

1171 4470 1375 4516 numo
1425 4450 1814 4513 PARTHIA
1847 4464 1949 4513 est
1993 4471 2235 4515 corona
2265 4454 2547 4534 radiata,
2588 4459 2659 4522 in
2775 4457 2926 4522 dem
2965 4456 3234 4520 nomine
3279 4451 3620 4518 abstulerit
3651 4453 3703 4513 1.
3740 4452 4018 4528 Caesar,
4067 4450 4262 4515 doce·

1285 4678 1349 4748 a)
1386 4672 1657 4756 Thucyd.
1696 4673 1758 4735 L.
1796 4673 1900 4738 IV.
1942 4693 1995 4735 c.
2034 4687 2156 4742 121.

2345 4678 2429 4755 b)
2468 4679 2633 4741 Orat.
2677 4679 2751 4741 de
2792 4681 3068 4748 Corona.
