4652 5937
1274 465 1800 542 CLODIVS

239 668 508 741 posset
556 665 960 739 permutatas
997 653 1335 726 matrices,
1400 666 1464 715 et
1501 673 1649 716 eum
1692 673 1795 716 ca-

237 761 395 845 pite
434 757 690 820 Albini
746 755 1124 836 conjunctas
1165 775 1426 818 aversas
1479 756 1560 816 ad
1595 756 1795 817 Seve-

239 882 409 923 rum
451 860 890 942 pertinentes
914 902 930 930 ,
987 876 1218 919 verum
1253 856 1321 917 in
1350 855 1527 917 omni
1564 855 1798 918 Severi

244 975 556 1022 moneta
639 959 800 1024 mihi
862 958 1123 1043 cognita
1198 957 1446 1019 similes
1525 974 1792 1044 ayersae

246 1083 399 1124 non
441 1062 931 1144 reperiuntur,
995 1060 1371 1140 mirumque
1426 1057 1637 1128 soret,
1685 1075 1795 1117 eas

245 1164 327 1225 in
376 1163 652 1225 Severi
707 1161 921 1224 nuruis
969 1159 1339 1243 deperditas
1407 1178 1675 1233 omnes,
1731 1169 1798 1218 et

260 1278 726 1328 conservatas
757 1276 1004 1324 tantum
1056 1263 1119 1321 in
1156 1259 1370 1321 numis
1406 1257 1665 1332 Albini,
1715 1257 1794 1317 ad

256 1385 480 1450 quem
537 1385 665 1428 eae
717 1385 851 1425 non
905 1363 1255 1445 pertinent.
1320 1359 1496 1453 Quid
1542 1356 1796 1441 igitur?

260 1489 346 1528 an
410 1465 698 1549 spurios
751 1463 974 1526 dicere
1031 1460 1382 1546 expediet?
1438 1461 1534 1534 Is,
1600 1477 1797 1540 quem

258 1588 346 1629 ex
402 1587 659 1628 museo
712 1569 1035 1629 Caesareo
1106 1560 1467 1644 descripsi,
1547 1558 1795 1620 fraudis

259 1669 670 1752 suspicione
704 1666 1010 1754 immunis
1047 1661 1339 1735 videtur,
1392 1674 1586 1743 atque
1622 1659 1798 1721 simi-

253 1769 404 1831 lem
442 1769 621 1830 citat
660 1768 856 1829 etiam
894 1762 1384 1827 Mediobarbus.
1430 1764 1647 1829 Vnum
1684 1760 1796 1821 ad-

268 1870 367 1930 dit
441 1879 761 1930 museum
807 1865 1297 1928 Farnesianum.
1392 1867 1526 1926 Res
1575 1861 1794 1946 digna,

269 1972 339 2031 in
384 1990 600 2060 quam
634 1967 965 2050 inquirant
1007 1968 1089 2041 ii,
1153 1965 1389 2049 quibus
1429 1964 1788 2047 locupletia

267 2089 511 2131 musea
552 2082 820 2153 praesto
865 2080 1033 2128 sunt.
1081 2069 1278 2130 Certe
1311 2065 1423 2151 qui
1468 2065 1660 2140 illos,
1721 2079 1794 2128 ut

277 2169 764 2233 describuntur
789 2212 807 2244 ,
831 2161 1140 2251 ‘explicet
1161 2213 1179 2245 ,
1242 2182 1309 2231 et
1340 2188 1487 2231 cum
1520 2165 1792 2228 historia

279 2272 644 2347 conciliet,
699 2282 810 2331 aut
860 2271 1080 2332 nullus
1141 2269 1302 2347 crit,
1359 2281 1470 2331 aut
1517 2287 1792 2353 magnus

284 2372 564 2455 Apollo.
632 2374 796 2433 Nam
850 2372 977 2432 etsi
1027 2372 1294 2446 demus,
1353 2389 1467 2432 eos
1509 2369 1797 2451 signatos

281 2473 349 2534 in
383 2473 615 2536 Gallia
641 2518 660 2550 ,
707 2486 775 2535 et
792 2472 1103 2535 Albinum
1136 2472 1206 2534 in
1238 2472 1361 2536 hos
1392 2470 1619 2532 titulos
1647 2488 1801 2552 pro·-

288 2574 431 2657 pria
452 2574 854 2638 auctoritate
883 2574 1246 2648 involasse,
1292 2586 1514 2635 tamen
1548 2571 1640 2650 is,
1686 2570 1801 2652 qui

285 2694 357 2738 se
408 2674 802 2759 pontificem
849 2676 1240 2750 maximum,
1287 2686 1353 2736 et
1394 2686 1648 2756 patrem
1690 2693 1801 2753 pa-

290 2776 456 2839 triae
492 2777 699 2853 dixit,
764 2792 946 2841 certe
983 2777 1177 2842 etiam
1221 2777 1290 2837 in
1334 2779 1545 2842 antica
1575 2777 1798 2862 Augu-

291 2891 459 2940 stum
497 2899 650 2942 sese
689 2880 1104 2964 appellasset.

1049 2980 1087 3019 Ut

882 3025 921 3063 ar
1212 3024 1252 3062 ιι

585 3085 762 3144 ῙΜΡ.
823 3081 1065 3145 CAES.
1113 3082 1198 3147 D.
1256 3083 1453 3148 CLO.
1503 3085 1789 3148 ALBIN.

585 3183 785 3250 AVG.
834 3187 1037 3260 Caput
1066 3187 1443 3247 laureatum.

243 3341 253 3349 .
300 3287 526 3351 Vlc'r.
578 3317 604 3331 -
645 3316 676 3330 -
717 3318 748 3332 -
788 3283 979 3347 COS.
1025 3285 1074 3347 1.
1125 3289 1416 3349 Victoria
1453 3289 1654 3348 armis
1701 3289 1798 3348 ἰη-

308 3393 516 3451 sidem
549 3391 617 3448 d.
644 3389 907 3467 palmae
944 3407 1191 3448 ramum
1207 3431 1224 3461 ‚
1270 3408 1322 3448 s.
1366 3391 1653 3468 clypeum
1696 3409 1799 3449 su-

295 3510 404 3567 per
433 3510 634 3569 yetm.
674 3487 815 3550 AR.
867 3489 1071 3565 (Mus.
1106 3488 1328 3568 Caes.)

425 3592 561 3653 Hic
597 3608 835 3650 numus
887 3600 988 3650 est
1019 3588 1484 3672 integerrimus
1517 3589 1800 3673 demptis

306 3692 552 3775 aliquot
587 3689 802 3752 literis
848 3708 919 3749 το
948 3691 1176 3755 VICT.
1221 3691 1799 3773 consequentibus.
1885 3680 1896 3697 ’

311 3795 480 3856 Male
533 3791 853 3855 cohaeret
901 3803 1178 3875 utraque
1223 3793 1408 3853 numi
1451 3814 1625 3876 pars.
1671 3795 1801 3855 ‹Et-

312 3895 478 3958 enim
513 3892 729 3955 antica
766 3905 868 3952 est
894 3891 1209 3976 Augusti,
1268 3912 1495 3956 aversa
1526 3909 1801 3984 propter

314 3999 714 4061 consulatum
743 3996 1027 4081 primum
1065 3999 1380 4062 Caesaris.
1425 3997 1624 4060 Credi
1653 4016 1799 4080 pos-

318 4113 448 4175 set,
525 4099 713 4162 binas
761 4096 1091 4164 matrices
1143 4100 1491 4163 monetarii
1548 4097 1798 4160 incuria

319 4202 480 4264 male
548 4206 756 4268 fuisse
824 4202 1258 4287 compositas,
1344 4219 1575 4262 verum
1629 4197 1798 4261 hanc

323 4323 606 4369 aversam
657 4308 725 4369 in
771 4305 956 4369 nullo
984 4303 1211 4366 Albini
1255 4300 1467 4365 adhuc
1503 4298 1800 4365 Caesaris

324 4426 511 4470 numo
559 4408 804 4492 reperi.
869 4404 1422 4488 ScriptumDCOS.
1465 4405 1515 4464 1.
1558 4401 1802 4486 legitur

325 4507 507 4571 etiam
539 4510 608 4571 in
644 4508 979 4572 nonnullis
1012 4506 1246 4570 Severi
1279 4506 1512 4567 numis.

1902 466 2449 543 ALBINVS.
3259 472 3396 556 165

2163 657 2240 717 N
2239 654 2376 715 uma·
2415 654 2749 715 commatis
2782 654 3130 733 perequnI.

2044 859 2303 920 Vrbs‘um
2347 859 2690 919 liberarum
2725 874 2960 917 numos
3009 852 3165 920 Side
3218 861 3404 922 Pam-

1908 957 2211 1041 phyliae,
2257 971 2325 1019 et
2363 956 2678 1037 Smyrnae
2730 956 3018 1040 signatos
3058 979 3405 1023 conserva-

1909 1061 2005 1122 vit
2043 1059 2433 1125 Vaillantius
2461 1102 2479 1134 ,
2554 1053 2672 1118 sed
2717 1077 2865 1119 cum
2921 1060 3133 1142 capite
3179 1061 3403 1126 Albini

1912 1161 2247 1236 Caesaris,
2292 1180 2426 1221 non
2450 1158 2768 1242 Augusti3
2812 1178 2961 1219 nam
2999 1162 3232 1224 cumis
3272 1165 3403 1246 pri·

1912 1283 2092 1324 mum
2123 1261 2296 1323 hunc
2329 1260 2590 1322 titulum
2636 1260 2891 1342 recepit
2917 1303 2933 1335 ,
2981 1261 3062 1323 ab
3101 1262 3402 1325 omnibus

1911 1362 2266 1446 provinciis
2290 1406 2305 1434 ,
2390 1360 2654 1443 dempta
2703 1361 3035 1423 Britannia
3059 1407 3075 1438 ,
3146 1365 3357 1425 Gallia
3382 1410 3398 1440 ,

1912 1477 1980 1526 et
2013 1462 2363 1525 Germania
2409 1461 2618 1526 hostis
2673 1463 2939 1525 volente
2977 1464 3237 1528 aemulo
3286 1466 3403 1528 Se-

1909 1585 2070 1627 vero
2098 1564 2424 1648 judicatus
2463 1577 2586 1627 est.
2950 1636 2954 1645 ¹

2038 1669 2443 1727 Coloniarum
2483 1663 2666 1725 numi
2709 1662 2920 1726 adhuc
2970 1666 3221 1749 reperti
3271 1687 3405 1729 non

1875 1749 2092 1843 'sunt,
2174 1780 2238 1827 at
2283 1786 2417 1826 non
2465 1776 2856 1848 propterea,
2924 1767 3267 1849 quoniam,
3330 1784 3403 1831 ut

1911 1880 2137 1930 censet
2174 1865 2603 1939 Vaillantius,
2648 1866 2981 1949 praesedit
3031 1868 3108 1928 iis
3140 1870 3405 1951 provin-

1911 1969 2064 2045 ciis,
2127 1969 2194 2027 in
2240 1967 2477 2050 quibus
2523 1966 2824 2029 coloniae
2871 1987 3105 2029 numos
3156 1968 3402 2031 cudere

1905 2091 2038 2131 non
2080 2082 2266 2135 erant
2301 2067 2533 2128 solitae
2556 2111 2574 2143 ,
2636 2087 2787 2127 nam
2817 2067 3132 2131 babemus
3162 2049 3399 2132 numos

1916 2170 2108 2232 Sides
2145 2184 2212 2231 et
2246 2170 2600 2251 Smyrnae,
2644 2167 2767 2229 etsi
2794 2168 3034 2229 Albino
3067 2190 3398 2254 nunquam

1912 2291 2213 2354 paruere.
2262 2271 2538 2354 signare
2574 2269 2777 2352 igitur
2801 2268 2942 2350 ejus
2973 2269 3257 2354 imagine
3287 2293 3405 2333 nu-

1913 2395 2057 2435 mos
2123 2384 2482 2457 potuerunt
2527 2371 2688 2434 licet
2759 2373 3011 2435 Severo
3038 2372 3401 2450 -obnoxiae,

1913 2493 2045 2534 non
2097 2487 2402 2555 tanquam
2429 2473 2710 2557 principi
2743 2493 2862 2537 suo
2885 2517 2903 2548 ,
2948 2473 3066 2536 sed
3093 2488 3399 2558 tanquam

1912 2574 2011 2636 illi
2037 2618 2054 2650 ,
2088 2593 2281 2658 quem
2303 2573 2505 2636 fuisse
2532 2574 2763 2637 Severi
2785 2575 3129 2638 Caesarem
3155 2575 3402 2654 diserte

1914 2696 1999 2737 ex
2025 2675 2409 2737 Herodiano
2445 2688 2721 2737 testatur
2753 2676 3158 2758 Capitolinus
3190 2680 3274 2759 ει),
3307 2680 3404 2738 ni·

1911 2776 2151 2838 mirum
2217 2797 2342 2861 qua
2410 2775 2666 2838 ratione
2706 2777 2934 2838 Aelius
2987 2776 3112 2838 fuit
3162 2778 3402 2840 Caesar

1910 2877 2266 2952 Hadriani,
2324 2877 2633 2939 Aurelius
2669 2877 2886 2944 Verus
2939 2878 3249 2950 Antonini
3296 2880 3401 2939 Pii

1908 2995 2077 3056 etc.,
2142 3000 2420 3063 quorum
2466 2978 2798 3054 omnium,
2846 2991 2913 3041 et
2952 2980 3217 3042 nomine
3261 2983 3404 3064 qni·

1908 3082 2060 3144 dem
2105 3081 2431 3156 Caesaris,
2510 3076 2829 3142 habemus
2877 3101 3112 3144 numos
3171 3082 3240 3143 in
3293 3103 3403 3146 co·

1910 3183 2108 3246 Ioniis
2149 3201 2412 3266 quoque
2449 3180 2757 3263 signatos.
2880 3251 2895 3265 ἢ

2038 3268 2424 3348 Αηίίοσῇεηί
2442 3325 2458 3356 ,
2519 3292 2587 3343 et
2612 3284 3052 3345 Alexandrini
3086 3282 3241 3346 item
3290 3283 3403 3346 de-

1914 3385 2318 3449 siderantur.

2234 3627 2629 3695 Nomina,
2690 3641 2786 3698 ao
2829 3614 3141 3685 titulis

2472 3808 2842 3885 Septimius.

2041 3994 2298 4055 Nomen
2317 3992 2629 4073 ’δθριίηιίἰ
2661 3988 2728 4050 in
2755 3987 2978 4052 Albini
3009 4002 3267 4052 moneta
3296 4010 3400 4052 re·

1914 4093 2111 4179 liquis
2144 4092 2434 4166 additum
2481 4103 2858 4154 constanter
2895 4090 3171 4173 legitur.
3235 4093 3400 4155 Cum
3495 4152 3520 4169 ,

1915 4213 2156 4258 nomen
2206 4194 2382 4255 istud
2445 4191 2785 4278 proprium
2849 4189 3053 4253 fuerit
3125 4190 3397 4266 Severo,

1917 4296 2174 4381 colligit
2211 4294 2674 4357 'I'illemontius
2705 4289 2809 4373 b),
2851 4292 3157 4358 Albinum
3202 4319 3239 4359 a
3286 4296 3439 4381 διε-ν

1915 4417 2250 4487 veroqnon
2289 4396 2484 4459 modo
2511 4394 2758 4460 dietum
2800 4394 3006 4459 fuisse
3032 4397 3399 4474 Caesarem,

1919 4501 2036 4567 sed
2082 4503 2276 4563 etiam
2334 4498 2728 4582 adoptatum.
2806 4498 3153 4581 Ingeniose
3196 4498 3396 4563 istud.

399 4742 457 4811 ι)
493 4740 554 4798 in
592 4738 813 4798 Albino
852 4756 901 4795 c.
945 4751 1000 4797 1.

1149 4732 1219 4807 b)
1245 4707 1319 4791 iu
1358 4732 1576 4791 severo
1616 4752 1748 4810 pag.
1788 4744 1880 4798 30.
