4652 5937
1121 456 1273 535 ‘282‘

1123 632 1346 697 Nolim
1399 651 1549 694 cum
1605 625 1948 691 Harduino
2000 644 2234 689 numos
2271 647 2499 692 omnes
2552 638 2622 689 et

1120 754 1485 809 marmora,
1532 751 1698 816 quae
1722 732 2169 799 Alexandrum
2206 734 2478 795 Felicem
2513 749 2622 812 ap·

1088 832 1412 923 pellant,
1461 848 1759 917 suspecta
1789 849 2022 919 putare
2056 836 2136 911 ει).
2210 836 2377 899 Nam
2424 828 2619 891 nimis

1124 936 1434 1019 gravibus
1499 937 1761 1021 utrique
1826 935 2219 999 testimoniis
2296 931 2615 1005 nituntur,

1125 1052 1197 1101 et
1240 1037 1366 1099 fuit
1400 1057 1552 1127 sane
1586 1029 1963 1101 Alexandro
2006 1038 2074 1099 iu
2120 1050 2470 1117 utrumque
2504 1050 2621 1092 no-

1122 1159 1275 1202 men
1317 1138 1456 1220 jus,
1519 1152 1797 1203 tractum
1846 1138 2087 1224 quippe
2136 1137 2216 1198 ab
2268 1136 2616 1217 adoptante

1119 1240 1518 1324 Elagabalo‚
1584 1253 1685 1314 et,
1748 1253 1821 1303 ut
1880 1239 2063 1303 credi
2121 1236 2367 1313 voluit,
2427 1246 2617 1319 patre

1119 1342 1399 1405 naturali
1433 1340 1798 1417 Caracalla,
1848 1360 2014 1425 quae
2056 1357 2211 1401 sane
2253 1337 2423 1399 ratio
2459 1358 2619 1400 vera

1113 1463 1274 1528 prae
1329 1444 1576 1518 altera,
1640 1462 1834 1526 quam
1905 1440 2128 1506 statuit
2175 1438 2615 1522 Lampridius,

1122 1546 1236 1629 qui
1267 1544 1348 1607 ab
1389 1545 1533 1607 aliis
1568 1548 1755 1607 Pz‘um
1784 1546 2183 1631 appellatum
2213 1540 2472 1617 refert,
2504 1540 2623 1601 sed

1121 1646 1338 1729 potius
1397 1666 1478 1707 ex
1535 1645 1845 1730 opinione
1910 1646 2096 1731 vulgi
2149 1643 2230 1726 b).
2317 1645 2404 1708 At
2457 1662 2620 1711 vero

1120 1769 1296 1809 anno
1342 1746 1604 1809 demum
1657 1748 1739 1813 V.
1793 1749 1865 1811 C·
1921 1748 2046 1829 984
2090 1746 2621 1830 peculiarisquo·

1120 1848 1273 1909 dam
1311 1848 1508 1909 modo
1560 1848 1666 1909 illi
1705 1848 1911 1911 fuerit
1964 1847 2272 1915 decretus
2310 1850 2418 1909 Pia·
2468 1846 2622 1908 titu-

1121 1949 1227 2011 lus
1252 1992 1269 2024 ,
1315 1963 1381 2012 et
1411 1948 1585 2011 haud
1620 1949 1816 2013 dubie
1844 1967 1967 2034 per
2009 1960 2363 2033 spectatam
2399 1946 2467 2007 in
2488 1967 2619 2010 ma·-
2653 2032 2654 2035 Ἴ

1122 2063 1297 2112 trem
1347 2050 1695 2133 pietatem,
1759 2065 1954 2135 atque
2000 2049 2056 2111 is
2095 2054 2449 2137 propterea
2484 2068 2616 2111 non

1118 2152 1400 2235 amplius
1435 2151 1745 2235 deinceps
1776 2149 2212 2212 intermissus.

1250 2257 1504 2318 Caesar.
1550 2254 1887 2320 Notandus
1945 2259 2186 2319 iterum
2248 2250 2614 2337 geminatus

1121 2354 1487 2440 Lampridii
1536 2376 1767 2432 error,
1815 2358 1925 2442 qui
1979 2356 2424 2421 Alexandrum
2462 2371 2617 2412 mox

1123 2458 1731 2537 mortuo‚Macrino
1791 2463 2119 2545 Caesarem
2153 2480 2189 2520 a
2235 2466 2464 2521 senatu
2507 2473 2619 2535 ap·

1121 2557 1436 2638 pellaturn
1478 2559 1698 2621 statuit
1728 2560 1807 2638 c).
1854 2560 2054 2622 Aliud
2092 2558 2333 2643 docent
2365 2554 2517 2629 Dio,
2550 2564 2618 2614 et

1126 2658 1576 2736 Herodianus,
1622 2675 1692 2725 ut
1719 2682 1837 2724 suo
1864 2662 2020 2725 loco
2057 2673 2157 2725 est
2190 2661 2574 2741 indicatum.

1148 2915 1156 2921 ·
1248 2948 1267 2961 ,
1323 2885 1421 2943 De
1453 2891 1728 2964 tempore
1759 2887 1982 2946 mortis
2012 2884 2399 2947 Alexandr-⁸⁴.

1248 3067 1351 3130 Ex
1377 3063 1639 3127 disertis
1664 3065 1884 3128 verbis
1906 3067 2288 3150 Lampridii,
2333 3065 2449 3150 qui
2467 3064 2616 3128 Ale·

1130 3166 1449 3227 xandrum
1482 3166 1840 3250 imperasse
1876 3187 2078 3231 annos
2120 3169 2301 3229 xm.
2331 3168 2471 3229 dies
2505 3166 2615 3227 IX.

1125 3268 1371 3330 adserit
1401 3263 1458 3346 d)
1480 3314 1497 3345 ‚
1544 3287 1818 3331 necesse
1845 3282 1950 3332 est
1971 3275 2007 3338 ,“
2032 3281 2106 3332 ut
2136 3268 2266 3351 jam
2314 3289 2507 3352 supra
2537 3267 2620 3332 ad

1124 3388 1361 3432 annum
1407 3373 1489 3440 V.
1541 3373 1613 3435 C.
1676 3370 1800 3451 988
1861 3370 2305 3446 adverteram,
2370 3371 2617 3431 bonum

1126 3470 1302 3534 huno
1365 3473 1732 3556 prinoipem
1794 3493 2053 3536 caesum
2125 3472 2423 3556 ejusdem
2467 3468 2618 3533 anni

1121 3591 1346 3635 meuse
1416 3575 1706 3637 Martie..
1780 3575 1869 3637 At
1923 3574 2345 3652 Herodianus
2405 3591 2616 3636 annos

1121 3673 1296 3737 xlv.
1352 3674 1616 3757 imperii
1672 3673 2049 3737 Alexandro
2109 3675 2363 3738 tribuit.
2420 3676 2623 3741 Vete-

1124 3796 1271 3836 rum
1295 3775 1688 3857 scriptorum
1717 3774 1830 3836 alii
1854 3794 1998 3836 cum
2024 3773 2428 3856 Lampridio,
2468 3792 2618 3835 cum

1118 3864 1503 3938 Herodiano
1542 3875 1652 3937 alii
1683 3875 2119 3954 consentiunt.
2196 3874 2488 3937 Medium
2525 3875 2620 3934 i-n-

1120 3992 1229 4040 ter
1277 3976 1399 4038 hos
1442 3991 1701 4062 tempus
1749 3975 2069 4039 definiunt
2111 3977 2352 4058 Glycas
2402 3990 2470 4038 et
2499 3977 2624 4038 Ce-

1125 4078 1401 4151 drenus‚
1450 4079 1560 4162 qui
1598 4080 1955 4162 imperasse
1995 4077 2404 4139 annolelI.
2441 4097 2623 4138 men-

1123 4197 1230 4242 ses
1260 4182 1434 4247 Vm.
1468 4193 1788 4244 statuunt.
1845 4178 2278 4242 Recentiores
2311 4178 2618 4263 plerique

1126 4280 1510 4365 Lampridio
1585 4278 2112 4362 adhaerendum·
2154 4292 2424 4366 putant,
2509 4280 2620 4364 qui

2064 4399 2079 4428 f

1904 520 1909 523 ,
1983 421 2738 521 ALEXANDER
2828 410 3390 522 sssvssa'vs.

2733 626 2900 690 adeo
2937 646 3163 691 mense
3203 631 3442 694 'Martio
3478 628 3901 696 interfectum
3943 635 4224 702 Alexan·

2734 728 2925 791 drum
2984 729 3376 808 conficiunt,
3455 754 3619 819 quos
3682 737 4073 819 compendio
4135 741 4228 803 oi·

2730 844 2900 894 tatos
2948 832 3099 895 vide
3148 835 3320 918 apud
3370 835 3835 898 Mazzolenum
3868 839 3947 918 ι3).
4013 839 4227 934 Quam

2731 932 3118 996 sententiam
3169 934 3407 1018 cupide
3454 937 3741 1020 amplexi
3786 953 3935 1001 sunt
3981 940 4068 1014 ii,
4112 941 4227 1025 qui

2732 1034 2883 1095 trib.
2936 1047 3329 1119 potestatem
3382 1038 3589 1133 ‘natali
3644 1039 3907 1125 imperii
3949 1061 4228 1104 renova·

2733 1148 2863 1196 tam
2888 1136 3387 1200 contenderunt.
3430 1140 3597 1201 Nam
3632 1138 3687 1200 si
3725 1148 4044 1203 statuatur
4070 1141 4227 1204 Ale·

2732 1233 2982 1298 xander
3011 1236 3079 1298 in
3126 1251 3438 1302 autumno
3473 1253 3807 1319 mortuus,
3858 1244 4036 1327 quod
4082 1264 4232 1306 sen-

2733 1335 2898 1398 sisse
2941 1338 3110 1401 alios
3144 1360 3300 1419 mox
3333 1330 3739 1418 videbimus,
3787 1343 4055 1411 modum
4093 1365 4228 1409 non

2733 1458 3049 1521 reperere
3072 1484 3088 1516 ,
3135 1461 3266 1525 quo
3298 1427 3699 1506 suoeessoris
3739 1443 4080 1509 Maximini
4112 1446 4230 1511 tri-

2735 1525 3046 1602 bunatum
3082 1543 3191 1610 lv.
3230 1543 3688 1615 extunderent.
3945 1556 3952 1559 ’

2862 1640 2948 1701 At
2987 1642 3164 1703 enim
3196 1657 3345 1705 sunt
3385 1659 3770 1730 argumenta
3810 1644 3880 1709 in
3932 1645 4224 1728 speeiem

2734 1734 2991 1825 gravia,
3039 1763 3204 1828 quae
3234 1741 3508 1809 differre
3541 1746 3900 1810 Alexandri
3937 1761 4225 1809 mortem

2735 1843 2967 1904 saltem
3009 1844 3215 1929 usque
3272 1844 3341 1906 in
3385 1861 3774 1913 =autumnum
3819 1847 3973 1909 anni
4018 1847 4099 1912 V.
4148 1848 4223 1911 C.

2733 1942 2859 2024 988
2889 1959 3154 2028 cogunt.
3214 1949 3442 2009 Exstat
3481 1948 3590 2010 lex
3641 1947 3789 2011 data
3825 1947 3916 2035 ab·
3945 1947 4229 2012 Alexan·

2732 2044 2856 2131 dro
2900 2026 3066 2129 Aug.
3114 2046 3220 2110 die
3266 2049 3803 2132 XIII.,Augusti‚
3861 2051 4230 2123 Severo-et

2735 2144 3089 2240 Quintiano
3147 2169 3327 2226 cos.,
3392 2151 3504 2235 qui
3570 2142 3887 2215 fastorum
3934 2150 4228 2215 omnium

2732 2267 3054 2317 consensu
3083 2266 3554 2333 processerunt
3586 2252 3668 2318 V.
3696 2254 3776 2316 C.
3819 2250 3967 2336 988.
4039 2253 4226 2336 Ergo

2732 2349 3109 2413 Alexander
3127 2373 3353 2415 mense
3375 2355 3669 2437 Augusto
3705 2352 3898 2436 hujus
3930 2353 4087 2416 anni
4116 2351 4229 2415 ad-

2730 2447 2860 2513 hue
2901 2464 3234 2536 superstes
3267 2453 3413 2515 suit.
3466 2457 3616 2518 Hoc
3651 2455 3897 2519 codicis
3929 2452 4229 2517 Iustinia-

2729 2553 2839 2613 nei
2883 2553 3219 2615 oraculum
3266 2552 3315 2633 s)
3358 2557 3516 2618 tanti
3558 2556 3768 2624 visum
3812 2570 3912 2641 est
3959 2554 4224 2623 erudito

2730 2653 3126 2736 Dodwello,
3207 2671 3280 2720 ut
3335 2656 3466 2737 jam
3540 2655 3624 2719 de
3685 2671 3988 2744 tempore
4045 2655 4224 2722 oaesi

2729 2756 3092 2820 Alexandri
3121 2758 3405 2823 dubitari
3448 2780 3576 2822 non
3604 2780 3801 2843 posse
3845 2759 4081 2841 audeat
4113 2758 4228 2823 ad-

2721 2864 2958 2922 aerere
3016 2861 3099 2940 g).
3185 2858 3479 2936 Eodem,
3544 2861 3812 2944 opinor,
3878 2881 3961 2923 ex
4008 2861 4223 2944 capite

2729 2959 3199 3024 Mediobarbus
3220 2961 3576 3025 Alexandri
3614 2976 3893 3025 mortem
3931 2962 3998 3024 in
4020 2961 4224 3026 Octo·
4255 3015 4262 3024 .

2731 3059 3179 3127 brim-differt.
3242 3063 3543 3127 Advertit
3581 3064 3633 3124 is
3682 3061 3895 3126 nodus
3923 3064 4220 3146 Pagium,

2731 3180 3015 3247 cumque
3072 3165 3200 3249 jam
3262 3167 3504 3229 mensis
3561 3164 3840 3239 Martius
3899 3165 4043 3248 ejus
4088 3165 4264 3227 ani»

2734 3285 2911 3325 rna-m
2975 3281 3398 3351 occupasset,
3477 3266 3707 3329 maluit
3774 3267 4222 3330 mendum.in

2733 3365 2886 3450 lege
2947 3368 3301 3451 suspicari,
3361 3382 3428 3431 ot
3485 3367 3837 3445 adserere,
3893 3389 4016 3454 pro
4062 3373 4218 3432 iaia.

2733 3475 2903 3549 Any.
2947 3467 3304 3551 legendum
3337 3472 3501 3531 idib.
3549 3474 3694 3532 Ian.
3751 3471 3858 3535 vel
3883 3461 4082 3534 Febr.
4129 3466 4218 3551 ¹¹).

2734 3571 2816 3632 At
2857 3569 3028 3631 enim
3083 3569 3259 3631 aliud
3303 3587 3759 3655 argumentum
3795 3572 4019 3657 priore
4056 3572 4226 3635 mul·

2735 3678 2803 3733 lo
2845 3671 3119 3740 validius
3158 3671 3240 3732 ad
3274 3671 3712 3758 differendam
3741 3675 3803 3734 in
3839 3688 4219 3736 autumnum

2737 3771 3092 3833 Alexandri
3158 3787 3437 3834 mortem
3505 3795 3586 3836 ex
3654 3795 3853 3838 numo
3921 3775 4219 3836 Amasiae

2732 3873 2962 3947 Ponti,
3009 3885 3076 3933 et
3124 3872 3433 3957 inscripta
3480 3875 3632 3937 huic
3674 3875 3924 3958 epocha
3971 3873 4223 3959 reperit

2730 3975 3161 4040 Mazzolenus
3231 3971 3302 4052 i).
3393 3976 3624 4058 Coepit
3693 3996 3842 4038 aera
3894 3977 4213 4053 Amasim,

2734 4091 2807 4140 ut
2861 4076 2930 4137 in
2980 4075 3120 4158 ejus
3176 4075 3392 4137 numis
3460 4075 4087 4152 demonstravimus,
4146 4079 4217 4140 in

2734 4191 3042 4241 autumno
3098 4177 3248 4238 anni
3299 4178 3381 4244 V.
3430 4179 3499 4239 C.
3537 4187 3682 4260 747.
3773 4181 4002 4241 Exstat
4045 4177 4217 4262 apud

2732 4277 3156 4346 Vaillantium
3189 4300 3445 4358 pumus
3495 4284 3825 4344 Mamaeae
3859 4284 4217 4344 Amasenus

1190 4521 1258 4589 a)
1293 4516 1455 4592 Opp.
1490 4512 1595 4573 sel.
1632 4535 1690 4589 p.
1728 4523 1835 4587 819
1897 4523 2022 4578 823.

1124 4609 1187 4678 e)
1226 4602 1539 4662 Animadv.
1567 4603 1629 4658 in
1661 4622 1809 4663 mus,
1842 4602 1956 4660 Pis.
1993 4604 2148 4661 Part.
2195 4604 2269 4662 11.
2301 4626 2365 4682 p.
2413 4609 2538 4670 146.

1124 4694 1405 4772 cyprian.
1586 4689 1656 4761 h)
1698 4690 1900 4750 Critic.
1941 4696 2156 4753 Baron.
2196 4692 2275 4753 ad
2312 4715 2451 4753 ann.
2491 4707 2618 4764 235.

2274 4515 2345 4587 b)
2379 4516 2535 4594 Cap.
2572 4521 2628 4579 4.

2698 4606 2751 4683 ἱ)
2790 4607 2853 4664 L.
2897 4607 2972 4664 11.
3016 4606 3090 4668 de
3121 4605 3277 4667 offic.
3300 4619 3562 4687 praetor,

3833 4518 3901 4594 d)
3942 4526 4087 4602 Cap.
4126 4528 4216 4587 60.

3724 4617 3788 4688 g)
3832 4613 4074 4675 Dissert.
4109 4614 4209 4674 XI.

2875 4522 2935 4588 c)
2976 4518 3040 4574 in
3076 4515 3242 4576 Alex.
3283 4538 3336 4576 c.
3375 4529 3426 4577 1.
3466 4530 3525 4578 et
3561 4531 3617 4580 2.

2805 4694 2853 4768 i)
2893 4694 2933 4753 l.
2974 4716 3022 4754 c.
