4652 5937
1372 412 2150 538 VICTORINVS.
3174 442 3312 513 2451
3397 466 3404 473 ·

200 626 446 675 tamen
521 625 736 692 neque
797 613 1167 690 repugnant
1227 602 1377 666 anni
1436 605 1714 687 priores.

201 710 409 775 Istud
458 709 736 782 certius,
783 727 934 770 eum
979 727 1238 771 caesum
1282 706 1363 773 V.
1410 707 1482 768 C.
1528 722 1713 781 1020,

197 813 415 896 eique
463 809 856 875 successisse
891 806 1183 883 ,Marium
1242 805 1716 890 brevisimpe-

197 913 345 988 rii,
410 912 564 975 huic
611 912 985 983 Tetricum,
1052 927 1184 990 quo
1242 920 1517 986 tyranno
1565 908 1717 969 Gal-

198 1012 342 1077 lias
403 1013 740 1075 obtinente
811 1030 1053 1089 caesus‘
1101 1006 1438 1068 Gallienus
1492 1008 1574 1076 V.
1640 1010 1712 1071 C.

209 1131 423 1188 noan,
486 1114 680 1196 eique
746 1109 1059 1173 suffectus
1104 1107 1449 1183 Claudius,
1512 1120 1587 1171 ut
1644 1108 1715 1169 in

199 1215 537 1277 Postumo
583 1211 943 1275 verisimile
988 1209 1288 1271 diximus.
1379 1206 1513 1271 Sed
1550 1208 1714 1271 haec

206 1314 442 1381 omnia
486 1312 829 1377 confundit
870 1310 1103 1380 Victor
1136 1310 1231 1389 ’),·
1277 1311 1389 1396 qui
1430 1309 1716 1378 Victori-

208 1437 382 1477 num
438 1406 845 1499 nequaquam
910 1432 1059 1474 cum
1120 1414 1435 1476 Postumo
1489 1413 1714 1489 sociat,

215 1514 346 1577 sed
402 1534 594 1577 caeso
653 1516 967 1576 Postumo
1026 1512 1307 1573 Marium
1368 1493 1717 1575 suffectum

214 1611 459 1691 docet,
507 1628 572 1677 et
606 1614 733 1676 hoc
771 1613 1053 1696 primum
1093 1610 1350 1676 sublato
1385 1613 1716 1677 delectum

209 1715 675 1790 Victorinum,
737 1713 849 1797 qui
904 1728 970 1776 et
1021 1714 1163 1795 ipse
1210 1728 1383 1797 post„
1416 1728 1718 1791 exactum

209 1815 486 1899 imperii
521 1814 857 1878 biennium
892 1814 1328 1899 interemptus
1361 1830 1484 1884 est.
1549 1817 1719 1880 Con·

223 1914 416 1980 ciliet
455 1917 661 1996 haec,
706 1916 819 2002 qui
860 1916 1063 1981 volet.

822 2106 1120 2184 Nemi.-

224 2320 305 2382 A.
509 2320 686 2381 IMP.
704 2319 1264 2389 VICTORINVS.
1283 2320 1497 2388 PIVS.
1515 2318 1717 2388 AVG.

516 2423 743 2500 Capita
777 2426 1058 2500 jugata,
1111 2424 1428 2483 Victorini
1467 2424 1720 2483 laurea-

513 2531 681 2597 tum,
722 2525 956 2584 Martis
982 2525 1343 2603 yaleatmm
1382 2525 1453 2583 in
1487 2527 1719 2584 AVreo

513 2624 837 2701 singulari
879 2626 1083 2697 musei
1129 2626 1302 2683 Caes.

209 2708 304 2788 Β.
504 2724 685 2783 ῙΜΡ.
745 2723 816 2785 c.
871 2726 977 2784 »οι
1025 2721 1719 2790 CAEs.V1c*rom-

504 2823 701 2893 NVS.
743 2825 820 2884 P.
863 2825 937 2887 F.
986 2824 1187 2890 AVG.
1238 2827 1440 2904 Caput
1467 2829 1720 2887 laurea·

512 2934 647 2989 tum
665 2967 683 3002 ‚
740 2928 849 2987 vel
876 2928 1017 3002 ejvs
1041 2935 1331 3003 protomo'
1360 2935 1613 2989 armata
1648 2929 1719 2989 in

508 3029 655 3088 AV.
699 3015 837 3088 AB.
884 3030 1026 3088 ΛΕ.
1070 3030 1198 3088 111.

229 3127 303 3193 C.
503 3124 683 3187 IMP.
736 3127 806 3185 C.
855 3127 963 3188 ΡΙ.
1004 3128 1111 3185 vel
1144 3125 1372 3193 PIAV.
1415 3126 1722 3195 VICTO-

512 3213 803 3289 RlNVS.
847 3227 923 3288 P.
968 3226 1044 3286 F.
1089 3223 1287 3292 AVG.
1378 3227 1580 3304 eaput
1617 3249 1724 3288 ra·

513 3327 764 3387 dietum
795 3329 865 3386 in
896 3327 1031 3386 AB.
1066 3328 1212 3387 ΑΕ.
1247 3328 1378 3389 ΙΙΙ.
1528 3338 1535 3344 ’

230 3427 316 3505 D,
466 3473 475 3482 ,
512 3427 690 3488 ΙΜΡ.
728 3426 800 3488 C.
839 3428 931 3487 M.
963 3424 1519 3494 PIAVVONIVS.
1549 3425 1724 3492 VIC-

464 3597 470 3602 ,
514 3526 927 3593 TORINVS.
980 3527 1055 3586 P.
1105 3525 1182 3588 F.
1228 3527 1432 3594 AVG.
1524 3530 1725 3606 Caput

528 3632 854 3690 radiatum
897 3631 967 3689 in
1010 3629 1505 3710 A122AE.111.

240 3730 321 3796 Ε.
517 3726 1087 3797 VICTORINVS.
1144 3728 1342 3812 AVG.
1430 3731 1723 3793 Protome

512 3833 781 3911 quleata
811 3850 953 3893 eum
980 3833 1171 3893 basta
1204 3840 1269 3893 et
1294 3830 1532 3912 clypeo.
1578 3831 1719 3898 AV.

360 4033 716 4118 Inscriptos
771 4033 865 4094 Μ.
917 4030 1126 4100 AVR.
1177 4029 1716 4102 VICTORINVS

239 4139 598 4204 Bandurius
642 4138 786 4220 ipse
828 4154 962 4197 non
1001 4132 1199 4211 vidit,
1265 4133 1383 4218 sed
1437 4153 1537 4195 cx·
1572 4132 1718 4218 solo

240 4239 667 4305 Mediolani-bo
695 4236 954 4303 recitat.
998 4235 1207 4321 Igitur
1231 4233 1378 4322 jure
1398 4232 1716 4323 suspecti.

796 4382 837 4422 ὓ
962 4335 1002 4376 .
1124 4377 1166 4419 0

312 4553 372 4626 a)
409 4549 451 4612 l.
494 4570 544 4610 c.
750 4548 821 4623 b)
861 4548 944 4609 ad
977 4539 1150 4609 A'ttic.
1191 4549 1255 4608 1..
1294 4550 1367 4611 X.
1407 4569 1502 4629 ep.
1541 4566 1592 4617 7.

2121 609 2204 669 Vt
2231 609 2328 671 lit.
2367 609 2441 667 B.

1829 698 2282 773 ADIVTRIX.
2311 705 2511 774 A‘VG.
2549 708 2837 794 Protqme
2865 708 3119 772 Dianae
3144 715 3204 774 d.
3235 723 3322 774 te-

1832 808 1962 867 lum
1982 828 2018 870 e
2023 813 2330 888 pharetra
2350 811 2767 885 depr-omentis
2785 856 2802 884 ,
2835 829 2885 869 s.
2908 829 3145 873 arcum.
3179 812 3326 879 AV.

1833 905 2068 985 (Bana.
2125 907 2462 971 Pembmk
2520 911 2597 973 P.
2642 908 2753 968 111.
2814 907 2942 969 tab.
2989 908 3124 993 35.)
3183 896 3319 975 ΑΒ.

1832 1007 2152 1089 (Tanini.)

1956 1106 2283 1177 Victorini
2324 1107 2707 1171 inDianam
2752 1106 3083 1171 adfectum
3128 1110 3326 1193 profi·

1831 1224 2010 1274 tetur
2069 1210 2176 1272 hic
2237 1230 2506 1284 numus,
2569 1222 2642 1271 ut
2704 1222 2770 1270 et
2831 1209 2994 1270 alius
3056 1209 3323 1277 VOTA.

1830 1311 2249 1387 AVGVSTI,
2315 1308 2399 1371 de
2444 1330 2574 1393 quo
2619 1307 2807 1369 infra.
2896 1308 3144 1372 Eadem
3189 1312 3322 1395 epi·

1833 1412 2083 1496 grapho
2128 1425 2229 1474 est
2274 1412 2470 1473 etiam
2515 1410 2583 1471 in
2626 1430 2825 1509 numo
2874 1411 3184 1473 Carausii.

2126 1517 2210 1574 Vt
2250 1516 2347 1574 lit.
2380 1517 2455 1573 B.
2583 1520 2584 1523 ’

1833 1615 2034 1677 LEG.
2080 1615 2222 1673 1111.
2270 1612 2624 1681 FLAVIA.
2669 1613 2746 1674 P.
2794 1612 2866 1671 F.
2927 1616 3069 1674 Duo
3114 1615 3326 1678 leones
3419 1628 3430 1643 “

1833 1735 1918 1777 ex
1960 1719 2227 1777 adverso
2274 1723 2549 1786 stantes,
2594 1733 2857 1789 superne
2890 1725 3082 1791 caput
3105 1720 3327 1794 yalea·

1834 1828 1988 1881 tum.
2049 1818 2186 1883 AV.
2247 1813 2517 1894 (Band.)
2573 1816 2645 1873 In
2689 1814 2854 1874 alio=
2915 1836 3181 1895 superne
3222 1838 3328 1878 ca·

1824 1928 1948 1996 put
1970 1920 2272 1978 muliebre
2295 1918 2614 1996 elephanti
2637 1917 2891 1975 eaeuviis
2914 1926 3161 1979 tectum.
3184 1917 3320 1983 AV.

1831 2014 2259 2096 (Pembrok.)

1962 2115 2212 2178 Eadem
2250 2116 2431 2201 legio
2466 2115 2793 2178 estssetiam
2827 2115 2894 2176 in
2927 2114 3142 2177 numis
3175 2116 3338 2178 Gal..

1832 2217 2030 2294 lieni,
2076 2217 2194 2280 sed
2228 2218 2419 2279 unius
2451 2230 2695 2280 tantum
2723 2216 2942 2278 ‘leonis
2973 2231 3147 2299 typo·
3208 2219 3326 2280 Ce-

1833 2331 2050 2387 terum
2087 2337 2252 2402 quae
2285 2318 2367 2380 ad
2402 2318 2699 2401 legiones
2734 2319 2946 2379 numis
2980 2318 3324 2403 inscriptas

1831 2417 2199 2502 pertinent,
2246 2418 2316 2479 in
2358 2420 2694 2481 volumine
2737 2419 2909 2488 VIII.
2943 2438 3326 2504 persequar.

2125 2523 2207 2581 Vt
2251 2524 2347 2583 lit.
2385 2526 2460 2581 B.

1782 2643 1793 2653 ·
1835 2620 2033 2682 LEG.
2077 2620 2158 2682 x.
2203 2619 2721 2687 FnErENsm.
2766 2587 2842 2685 ip.
2885 2623 2962 2686 F.
3056 2626 3323 2686 Taum..

1833 2722 1973 2792 AV.
2021 2723 2252 2800 (Catal.
2300 2722 2683 2804 d'Ennery.)
2776 2758 2787 2770 ·

1960 2822 2173 2905 Hujus
2204 2823 2487 2907 legionis
2520 2822 2831 2907 frequens
2859 2839 2958 2887 est
2986 2824 3230 2888 mentio
3258 2825 3324 2887 in

1814 2925 2285 2987 marmoribus.
2353 2928 2451 2987 An
2505 2923 2921 3009 intelligendi
2965 2927 3205 2990 milites
3256 2927 3325 2988 in

1830 3022 2007 3088 freto
2066 3027 2407 3111 quopiam,
2466 3047 2527 3091 v.
2574 3048 2630 3090 c.
2681 3028 2905 3090 Siculo
2952 3029 3154 3092 lecti?
3209 3019 3326 3091 Ci-

1834 3144 1992 3188 cero
2028 3148 2208 3189 mare
2248 3130 2545 3190 Siculum
2582 3128 2871 3211 appellat
2913 3135 3208 3193 Fretense
3236 3127 3324 3210 b),

1835 3225 1892 3286 si
1935 3226 2132 3287 modo
2177 3248 2329 3289 sana
2372 3228 2596 3290 lectio.
2686 3234 3138 3291 Memorantur
3172 3229 3325 3292 Αιιι-Ι

1836 3326 2053 3388 miano
2112 3329 2452 3388 Decimam'
2493 3330 2822 3390 Fortenses
2853 3328 2909 3406 c)
2932 3372 2948 3404 ,
3009 3349 3130 3409 pro
3192 3350 3322 3413 quo
3437 3323 3440 3328 ”

1818 3439 2061 3524 ἱΡοωεει
2124 3424 2337 3489 videri
2394 3425 2750 3510 legendum
2793 3432 3152 3504 Fretemes,
3196 3430 3323 3491 nisi

1835 3531 2170 3594 Fortenses
2226 3528 2611 3610 legerentur
2668 3527 3011 3610 aliquoties
3066 3530 3134 3590 in
3191 3533 3323 3592 No·

1835 3627 1977 3691 titia
2024 3628 2304 3713 imperii.
2379 3627 2549 3696 Vide
2593 3626 2888 3692 eruditos
2928 3627 3192 3694 criticos
3236 3631 3321 3694 ad

1834 3726 2012 3792 hunc
2052 3729 2378 3793 Ammiani
2421 3731 2663 3795 locum.

2125 3834 2209 3893 Vc
2248 3835 2344 3894 lit.
2380 3835 2459 3895 B.

1832 3930 2034 3995 LEG.
2068 3932 2217 3995 XX.
2247 3931 2450 4002 VAL.
2482 3931 2865 4002 Vlc'rmx.
2895 3936 2971 3997 P.
3001 3932 3080 4042 F.
3125 3938 3354 4017 Aper..

1832 4032 1968 4100 AV.
2014 4031 2247 4112 (Catal.
2293 4033 2672 4116 d'Ennery.)

1959 4134 2030 4193 In
2053 4129 2292 4195 lamina
2311 4155 2513 4199 aenea
2530 4135 2701 4220 apud
2718 4135 3224 4199 Buonarrotium
3255 4135 3320 4221 d)

1831 4232 2080 4316 legitur
2125 4236 2322 4296 LEG.
2371 4235 2514 4297 XX.
2562 4238 2641 4303 V.
2684 4241 2764 4306 V.
2809 4237 3115 4301 adstituto
3159 4238 3321 4302 item

1834 4355 2015 4419 apro.
2086 4337 2161 4430 In
2202 4351 2485 4422 utroque
2529 4350 2948 4403 monumento
2990 4361 3062 4401 το
3103 4339 3168 4406 V
3214 4341 3318 4404 vel
3429 4383 3432 4384 ν

1799 4552 1857 4623 c)
1899 4549 1960 4606 Ι..
2002 4548 2217 4610 XVIII.
2259 4566 2312 4611 c.
2350 4562 2406 4623 9.
2608 4547 2678 4621 d)
2717 4549 2954 4609 Osset-v.
2993 4550 3158 4612 istor.

2674 4642 2916 4707 Llla
