<?xml version="1.0" encoding="UTF-8"?>
<!DOCTYPE html PUBLIC "-//W3C//DTD XHTML 1.0 Transitional//EN"
    "http://www.w3.org/TR/xhtml1/DTD/xhtml1-transitional.dtd">
<html xmlns="http://www.w3.org/1999/xhtml" xml:lang="en" lang="en">
 <head>
  <title>
</title>
<meta http-equiv="Content-Type" content="text/html;charset=utf-8" />
  <meta name='ocr-system' content='tesseract 3.04.00' />
  <meta name='ocr-capabilities' content='ocr_page ocr_carea ocr_par ocr_line ocrx_word'/>
</head>
<body>
  <div class='ocr_page' id='page_1' title='image "./doctrinanumorum05hohlgoog_0176.png"; bbox 0 0 4652 5937; ppageno 0'>
   <div class='ocr_carea' id='block_1_1' title="bbox 1354 370 3490 456">
    <p class='ocr_par' dir='ltr' id='par_1_1' title="bbox 1354 370 3490 456">
     <span class='ocr_line' id='line_1_1' title="bbox 1354 370 3490 456; baseline -0.005 0"><span class='ocrx_word' id='word_1_1' title='bbox 1354 379 1491 456; x_wconf 76' lang='lat'>162</span> <span class='ocrx_word' id='word_1_2' title='bbox 2311 370 2844 446; x_wconf 55' lang='lat' dir='ltr'>CLODIVS</span> <span class='ocrx_word' id='word_1_3' title='bbox 2947 370 3490 445; x_wconf 83' lang='lat' dir='ltr'>ALBINVS.</span> 
     </span>
    </p>
   </div>
   <div class='ocr_carea' id='block_1_2' title="bbox 2954 559 4425 1044">
    <p class='ocr_par' dir='ltr' id='par_1_2' title="bbox 2954 559 4425 1044">
     <span class='ocr_line' id='line_1_2' title="bbox 3236 559 3584 619; baseline 0 -2"><span class='ocrx_word' id='word_1_4' title='bbox 3236 559 3327 618; x_wconf 71' lang='lat' dir='ltr'>Vt</span> <span class='ocrx_word' id='word_1_5' title='bbox 3367 560 3464 619; x_wconf 73' lang='lat' dir='ltr'>lit.</span> <span class='ocrx_word' id='word_1_6' title='bbox 3500 563 3584 619; x_wconf 86' lang='lat' dir='ltr'>A.</span> 
     </span>
     <span class='ocr_line' id='line_1_3' title="bbox 2958 654 4423 727; baseline 0.008 -12"><span class='ocrx_word' id='word_1_7' title='bbox 2958 654 3382 720; x_wconf 80' lang='lat' dir='ltr'>SAECVLO.</span> <span class='ocrx_word' id='word_1_8' title='bbox 3418 658 3859 727; x_wconf 83' lang='lat' dir='ltr'>FECVNDO.</span> <span class='ocrx_word' id='word_1_9' title='bbox 3890 660 3964 720; x_wconf 87' lang='lat' dir='ltr'>S.</span> <span class='ocrx_word' id='word_1_10' title='bbox 4006 661 4086 723; x_wconf 89' lang='lat' dir='ltr'>C.</span> <span class='ocrx_word' id='word_1_11' title='bbox 4123 665 4252 725; x_wconf 83' lang='grc' dir='ltr'>ΑΕ.</span> <span class='ocrx_word' id='word_1_12' title='bbox 4290 667 4423 727; x_wconf 85' lang='lat'>1.11.</span> 
     </span>
     <span class='ocr_line' id='line_1_4' title="bbox 2957 755 4425 837; baseline 0.005 -16"><span class='ocrx_word' id='word_1_13' title='bbox 2957 755 3219 837; x_wconf 83' lang='lat' dir='ltr'>(Vaill.)</span> <span class='ocrx_word' id='word_1_14' title='bbox 3282 762 3362 821; x_wconf 83' lang='lat' dir='ltr'>In</span> <span class='ocrx_word' id='word_1_15' title='bbox 3410 762 3601 821; x_wconf 75' lang='lat' dir='ltr'>aliis.-</span> <span class='ocrx_word' id='word_1_16' title='bbox 3666 759 4118 826; x_wconf 83' lang='lat' dir='ltr'>SAECVLO.</span> <span class='ocrx_word' id='word_1_17' title='bbox 4170 765 4425 829; x_wconf 71' lang='lat' dir='ltr'>FRVGI-</span> 
     </span>
     <span class='ocr_line' id='line_1_5' title="bbox 2955 857 4423 930; baseline 0.01 -14"><span class='ocrx_word' id='word_1_18' title='bbox 2955 857 3222 923; x_wconf 81' lang='lat' dir='ltr'>FERO.</span> <span class='ocrx_word' id='word_1_19' title='bbox 3276 859 3463 920; x_wconf 88' lang='lat' dir='ltr'>COS.</span> <span class='ocrx_word' id='word_1_20' title='bbox 3497 863 3577 924; x_wconf 91' lang='lat'>11.</span> <span class='ocrx_word' id='word_1_21' title='bbox 3621 865 3759 923; x_wconf 84' lang='lat' dir='ltr'>vel:</span> <span class='ocrx_word' id='word_1_22' title='bbox 3827 863 4083 925; x_wconf 79' lang='lat' dir='ltr'>SAEC.</span> <span class='ocrx_word' id='word_1_23' title='bbox 4118 865 4423 930; x_wconf 73' lang='lat' dir='ltr'>FRVGIF.</span> 
     </span>
     <span class='ocr_line' id='line_1_6' title="bbox 2954 956 4425 1044; baseline 0.009 -26"><span class='ocrx_word' id='word_1_24' title='bbox 2954 956 3143 1019; x_wconf 86' lang='lat' dir='ltr'>COS.</span> <span class='ocrx_word' id='word_1_25' title='bbox 3193 963 3275 1022; x_wconf 84' lang='grc' dir='ltr'>ΙΙ.</span> <span class='ocrx_word' id='word_1_26' title='bbox 3371 965 3487 1023; x_wconf 77' lang='lat' dir='ltr'>Vir</span> <span class='ocrx_word' id='word_1_27' title='bbox 3531 966 3897 1025; x_wconf 79' lang='lat' dir='ltr'>seminudus</span> <span class='ocrx_word' id='word_1_28' title='bbox 3952 970 4182 1044; x_wconf 73' lang='lat' dir='ltr'>capite</span> <span class='ocrx_word' id='word_1_29' title='bbox 4211 973 4425 1032; x_wconf 77' lang='lat' dir='ltr'>radiaco</span> 
     </span>
    </p>
   </div>
   <div class='ocr_carea' id='block_1_3' title="bbox 1340 553 2844 1047">
    <p class='ocr_par' dir='ltr' id='par_1_3' title="bbox 1340 553 2844 1047">
     <span class='ocr_line' id='line_1_7' title="bbox 1346 553 2844 624; baseline -0.005 0"><span class='ocrx_word' id='word_1_30' title='bbox 1346 560 1597 624; x_wconf 84' lang='lat' dir='ltr'>bellum</span> <span class='ocrx_word' id='word_1_31' title='bbox 1660 556 1727 619; x_wconf 90' lang='lat' dir='ltr'>in</span> <span class='ocrx_word' id='word_1_32' title='bbox 1781 554 2218 620; x_wconf 82' lang='lat' dir='ltr'><strong>Pescennium</strong></span> <span class='ocrx_word' id='word_1_33' title='bbox 2277 555 2601 619; x_wconf 78' lang='lat' dir='ltr'>meditans</span> <span class='ocrx_word' id='word_1_34' title='bbox 2659 553 2844 620; x_wconf 83' lang='lat' dir='ltr'>Albi·</span> 
     </span>
     <span class='ocr_line' id='line_1_8' title="bbox 1341 660 2840 742; baseline -0.003 -20"><span class='ocrx_word' id='word_1_35' title='bbox 1341 682 1494 722; x_wconf 85' lang='lat' dir='ltr'>num</span> <span class='ocrx_word' id='word_1_36' title='bbox 1520 704 1536 732; x_wconf 86' lang='lat'>‚</span> <span class='ocrx_word' id='word_1_37' title='bbox 1586 681 1773 721; x_wconf 86' lang='lat' dir='ltr'>suum</span> <span class='ocrx_word' id='word_1_38' title='bbox 1808 660 1935 741; x_wconf 84' lang='lat' dir='ltr'>jam</span> <span class='ocrx_word' id='word_1_39' title='bbox 1971 671 2208 742; x_wconf 76' lang='lat' dir='ltr'>aperte</span> <span class='ocrx_word' id='word_1_40' title='bbox 2245 660 2593 721; x_wconf 78' lang='lat' dir='ltr'>Caesarem</span> <span class='ocrx_word' id='word_1_41' title='bbox 2627 660 2684 738; x_wconf 75' lang='lat'>⁸)</span> <span class='ocrx_word' id='word_1_42' title='bbox 2718 678 2840 740; x_wconf 87' lang='lat' dir='ltr'>per</span> 
     </span>
     <span class='ocr_line' id='line_1_9' title="bbox 1341 757 2841 843; baseline -0.004 -18"><span class='ocrx_word' id='word_1_43' title='bbox 1341 762 1666 826; x_wconf 78' lang='lat' dir='ltr'><strong>amicitiae</strong></span> <span class='ocrx_word' id='word_1_44' title='bbox 1733 762 2021 843; x_wconf 87' lang='lat' dir='ltr'>speciem</span> <span class='ocrx_word' id='word_1_45' title='bbox 2075 759 2377 823; x_wconf 84' lang='lat' dir='ltr'>omnibus</span> <span class='ocrx_word' id='word_1_46' title='bbox 2441 757 2678 821; x_wconf 86' lang='lat' dir='ltr'>officiis</span> <span class='ocrx_word' id='word_1_47' title='bbox 2734 779 2841 819; x_wconf 87' lang='lat' dir='ltr'>or·</span> 
     </span>
     <span class='ocr_line' id='line_1_10' title="bbox 1340 859 2836 944; baseline -0.005 -18"><span class='ocrx_word' id='word_1_48' title='bbox 1340 878 1482 940; x_wconf 88' lang='lat' dir='ltr'>nat,</span> <span class='ocrx_word' id='word_1_49' title='bbox 1540 863 1879 926; x_wconf 86' lang='lat' dir='ltr'>consulem</span> <span class='ocrx_word' id='word_1_50' title='bbox 1933 862 2172 924; x_wconf 86' lang='lat' dir='ltr'>iterum</span> <span class='ocrx_word' id='word_1_51' title='bbox 2204 859 2544 944; x_wconf 83' lang='lat' dir='ltr'>designat,</span> <span class='ocrx_word' id='word_1_52' title='bbox 2601 878 2836 920; x_wconf 86' lang='lat' dir='ltr'>numos</span> 
     </span>
     <span class='ocr_line' id='line_1_11' title="bbox 1343 960 2834 1047; baseline -0.006 -20"><span class='ocrx_word' id='word_1_53' title='bbox 1343 965 1486 1046; x_wconf 88' lang='lat' dir='ltr'>ejus</span> <span class='ocrx_word' id='word_1_54' title='bbox 1522 964 1806 1047; x_wconf 82' lang='lat' dir='ltr'><strong>imagine</strong></span> <span class='ocrx_word' id='word_1_55' title='bbox 1842 963 2029 1025; x_wconf 85' lang='lat' dir='ltr'>feriri</span> <span class='ocrx_word' id='word_1_56' title='bbox 2059 962 2276 1042; x_wconf 86' lang='lat' dir='ltr'>jubet,</span> <span class='ocrx_word' id='word_1_57' title='bbox 2339 960 2554 1022; x_wconf 86' lang='lat' dir='ltr'>eidem</span> <span class='ocrx_word' id='word_1_58' title='bbox 2594 972 2834 1020; x_wconf 84' lang='lat' dir='ltr'>statuas</span> 
     </span>
    </p>
   </div>
   <div class='ocr_carea' id='block_1_4' title="bbox 1341 1060 2833 1149">
    <p class='ocr_par' dir='ltr' id='par_1_4' title="bbox 1341 1060 2833 1149">
     <span class='ocr_line' id='line_1_12' title="bbox 1341 1060 2833 1149; baseline -0.006 -22"><span class='ocrx_word' id='word_1_59' title='bbox 1341 1064 1573 1148; x_wconf 81' lang='lat' dir='ltr'>erigit,</span> <span class='ocrx_word' id='word_1_60' title='bbox 1619 1065 1774 1149; x_wconf 88' lang='lat' dir='ltr'>quin</span> <span class='ocrx_word' id='word_1_61' title='bbox 1815 1079 1882 1128; x_wconf 84' lang='lat' dir='ltr'>et</span> <span class='ocrx_word' id='word_1_62' title='bbox 1928 1064 2193 1148; x_wconf 87' lang='lat' dir='ltr'>imperii</span> <span class='ocrx_word' id='word_1_63' title='bbox 2237 1080 2688 1126; x_wconf 77' lang='lat' dir='ltr'>successorem</span> <span class='ocrx_word' id='word_1_64' title='bbox 2724 1060 2833 1119; x_wconf 89' lang='lat' dir='ltr'>de-</span> 
     </span>
    </p>
   </div>
   <div class='ocr_carea' id='block_1_5' title="bbox 1337 1163 2100 1303">
    <p class='ocr_par' dir='ltr' id='par_1_5' title="bbox 1337 1163 2100 1303">
     <span class='ocr_line' id='line_1_13' title="bbox 1337 1163 1650 1252; baseline -0.006 -24"><span class='ocrx_word' id='word_1_65' title='bbox 1337 1167 1529 1230; x_wconf 83' lang='lat' dir='ltr'>stinat</span> <span class='ocrx_word' id='word_1_66' title='bbox 1563 1163 1650 1252; x_wconf 75' lang='grc'>1)).</span> 
     </span>
     <span class='ocr_line' id='line_1_14' title="bbox 2061 1265 2100 1303; baseline 0 0"><span class='ocrx_word' id='word_1_67' title='bbox 2061 1265 2100 1303; x_wconf 71' lang='grc' dir='ltr'>ιιι</span> 
     </span>
    </p>
   </div>
   <div class='ocr_carea' id='block_1_6' title="bbox 1331 1307 2827 1434">
    <p class='ocr_par' dir='ltr' id='par_1_6' title="bbox 1331 1307 2827 1434">
     <span class='ocr_line' id='line_1_15' title="bbox 1331 1307 2827 1434; baseline -0.007 -1"><span class='ocrx_word' id='word_1_68' title='bbox 1331 1374 1407 1433; x_wconf 85' lang='grc' dir='ltr'>Α.</span> <span class='ocrx_word' id='word_1_69' title='bbox 1617 1371 1702 1434; x_wconf 93' lang='lat' dir='ltr'>D.</span> <span class='ocrx_word' id='word_1_70' title='bbox 1723 1309 1984 1432; x_wconf 63' lang='lat' dir='ltr'>CLOi).</span> <span class='ocrx_word' id='word_1_71' title='bbox 2009 1307 2560 1430; x_wconf 49' lang='lat' dir='ltr'>SEPTfALBIN.</span> <span class='ocrx_word' id='word_1_72' title='bbox 2586 1362 2827 1426; x_wconf 73' lang='lat' dir='ltr'>CAES.</span> 
     </span>
    </p>
   </div>
   <div class='ocr_carea' id='block_1_7' title="bbox 1327 1468 2785 1635">
    <p class='ocr_par' dir='ltr' id='par_1_7' title="bbox 1327 1468 2785 1635">
     <span class='ocr_line' id='line_1_16' title="bbox 1624 1468 2785 1550; baseline -0.005 -16"><span class='ocrx_word' id='word_1_73' title='bbox 1624 1475 1825 1550; x_wconf 79' lang='lat' dir='ltr'>Caput</span> <span class='ocrx_word' id='word_1_74' title='bbox 1858 1475 2096 1531; x_wconf 80' lang='lat' dir='ltr'>nudum</span> <span class='ocrx_word' id='word_1_75' title='bbox 2136 1473 2206 1529; x_wconf 80' lang='lat' dir='ltr'>in</span> <span class='ocrx_word' id='word_1_76' title='bbox 2245 1473 2383 1530; x_wconf 82' lang='lat' dir='ltr'>AR.</span> <span class='ocrx_word' id='word_1_77' title='bbox 2416 1472 2556 1529; x_wconf 85' lang='grc' dir='ltr'><strong>ΑΕ.</strong></span> <span class='ocrx_word' id='word_1_78' title='bbox 2598 1469 2652 1526; x_wconf 88' lang='lat' dir='ltr'>J.</span> <span class='ocrx_word' id='word_1_79' title='bbox 2695 1468 2785 1528; x_wconf 88' lang='grc' dir='ltr'><strong>ΙΙ.</strong></span> 
     </span>
     <span class='ocr_line' id='line_1_17' title="bbox 1327 1570 2205 1635; baseline 0.003 -7"><span class='ocrx_word' id='word_1_80' title='bbox 1327 1572 1402 1629; x_wconf 82' lang='lat' dir='ltr'>B.</span> <span class='ocrx_word' id='word_1_81' title='bbox 1608 1573 1691 1631; x_wconf 83' lang='lat' dir='ltr'>D.</span> <span class='ocrx_word' id='word_1_82' title='bbox 1801 1570 2205 1635; x_wconf 88' lang='lat' dir='ltr'><strong>CLODIVS.</strong></span> 
     </span>
    </p>
   </div>
   <div class='ocr_carea' id='block_1_8' title="bbox 1609 1771 2283 1832">
    <p class='ocr_par' dir='ltr' id='par_1_8' title="bbox 1609 1771 2283 1832">
     <span class='ocr_line' id='line_1_18' title="bbox 1609 1771 2283 1832; baseline 0.003 -2"><span class='ocrx_word' id='word_1_83' title='bbox 1609 1774 1681 1831; x_wconf 73' lang='lat' dir='ltr'>in</span> <span class='ocrx_word' id='word_1_84' title='bbox 1711 1775 1852 1831; x_wconf 79' lang='grc' dir='ltr'><strong>ΑΕ.</strong></span> <span class='ocrx_word' id='word_1_85' title='bbox 1891 1791 2068 1830; x_wconf 77' lang='lat' dir='ltr'>maae.</span> <span class='ocrx_word' id='word_1_86' title='bbox 2116 1771 2283 1832; x_wconf 81' lang='lat' dir='ltr'>mod.</span> 
     </span>
    </p>
   </div>
   <div class='ocr_carea' id='block_1_9' title="bbox 1335 1868 2827 1938">
    <p class='ocr_par' dir='ltr' id='par_1_9' title="bbox 1335 1868 2827 1938">
     <span class='ocr_line' id='line_1_19' title="bbox 1335 1868 2827 1938; baseline -0.004 -4"><span class='ocrx_word' id='word_1_87' title='bbox 1335 1876 1407 1934; x_wconf 90' lang='lat' dir='ltr'>C.</span> <span class='ocrx_word' id='word_1_88' title='bbox 1623 1871 1710 1933; x_wconf 91' lang='lat' dir='ltr'>D.</span> <span class='ocrx_word' id='word_1_89' title='bbox 1731 1870 2135 1938; x_wconf 78' lang='lat' dir='ltr'>CLODWS.</span> <span class='ocrx_word' id='word_1_90' title='bbox 2154 1870 2554 1931; x_wconf 82' lang='lat' dir='ltr'>ALBINVS.</span> <span class='ocrx_word' id='word_1_91' title='bbox 2587 1868 2827 1930; x_wconf 80' lang='lat' dir='ltr'>CAES.</span> 
     </span>
    </p>
   </div>
   <div class='ocr_carea' id='block_1_10' title="bbox 1332 1975 2641 2312">
    <p class='ocr_par' dir='ltr' id='par_1_10' title="bbox 1332 1975 2641 2252">
     <span class='ocr_line' id='line_1_20' title="bbox 1387 1975 2626 2051; baseline -0.003 -18"><span class='ocrx_word' id='word_1_92' title='bbox 1387 2013 1390 2016; x_wconf 21' lang='grc' dir='ltr'><strong>π</strong></span> <span class='ocrx_word' id='word_1_93' title='bbox 1623 1976 1825 2051; x_wconf 84' lang='lat' dir='ltr'>Caput</span> <span class='ocrx_word' id='word_1_94' title='bbox 1853 1977 2091 2034; x_wconf 82' lang='lat' dir='ltr'>nudum</span> <span class='ocrx_word' id='word_1_95' title='bbox 2121 1975 2191 2031; x_wconf 79' lang='lat' dir='ltr'>in</span> <span class='ocrx_word' id='word_1_96' title='bbox 2226 1976 2370 2033; x_wconf 78' lang='lat' dir='ltr'>AV.</span> <span class='ocrx_word' id='word_1_97' title='bbox 2405 1983 2471 2033; x_wconf 82' lang='lat' dir='ltr'>et</span> <span class='ocrx_word' id='word_1_98' title='bbox 2490 1975 2626 2032; x_wconf 70' lang='lat' dir='ltr'>Ale.</span> 
     </span>
     <span class='ocr_line' id='line_1_21' title="bbox 1332 2073 1887 2138; baseline -0.009 -2"><span class='ocrx_word' id='word_1_99' title='bbox 1332 2077 1412 2138; x_wconf 81' lang='lat'>1).</span> <span class='ocrx_word' id='word_1_100' title='bbox 1618 2074 1701 2133; x_wconf 88' lang='lat' dir='ltr'>D.</span> <span class='ocrx_word' id='word_1_101' title='bbox 1758 2073 1887 2137; x_wconf 89' lang='lat' dir='ltr'>CL.</span> 
     </span>
     <span class='ocr_line' id='line_1_22' title="bbox 1619 2177 2641 2252; baseline -0.002 -16"><span class='ocrx_word' id='word_1_102' title='bbox 1619 2182 1822 2252; x_wconf 78' lang='lat' dir='ltr'>Caput</span> <span class='ocrx_word' id='word_1_103' title='bbox 1849 2182 2088 2237; x_wconf 77' lang='lat' dir='ltr'>nudum</span> <span class='ocrx_word' id='word_1_104' title='bbox 2121 2179 2190 2235; x_wconf 73' lang='lat' dir='ltr'>in</span> <span class='ocrx_word' id='word_1_105' title='bbox 2230 2178 2374 2236; x_wconf 81' lang='lat' dir='ltr'>AV.</span> <span class='ocrx_word' id='word_1_106' title='bbox 2409 2187 2474 2237; x_wconf 81' lang='lat' dir='ltr'>et</span> <span class='ocrx_word' id='word_1_107' title='bbox 2503 2177 2641 2236; x_wconf 71' lang='lat' dir='ltr'>AB.</span> 
     </span>
    </p>

    <p class='ocr_par' dir='ltr' id='par_1_11' title="bbox 2066 2275 2105 2312">
     <span class='ocr_line' id='line_1_23' title="bbox 2066 2275 2105 2312; baseline 0 0"><span class='ocrx_word' id='word_1_108' title='bbox 2066 2275 2105 2312; x_wconf 70' lang='lat' dir='ltr'>un</span> 
     </span>
    </p>
   </div>
   <div class='ocr_carea' id='block_1_11' title="bbox 1551 2318 2269 2440">
    <p class='ocr_par' dir='ltr' id='par_1_12' title="bbox 1551 2318 2269 2440">
     <span class='ocr_line' id='line_1_24' title="bbox 1551 2318 2269 2362; baseline 0.001 -6"><span class='ocrx_word' id='word_1_109' title='bbox 1551 2351 1578 2362; x_wconf 30' lang='grc' dir='ltr'>Ἢ</span> <span class='ocrx_word' id='word_1_110' title='bbox 1899 2318 1940 2355; x_wconf 69' lang='grc' dir='ltr'>ει</span> <span class='ocrx_word' id='word_1_111' title='bbox 2229 2318 2269 2357; x_wconf 57' lang='lat' dir='ltr'><strong><em>t</em></strong></span> 
     </span>
     <span class='ocr_line' id='line_1_25' title="bbox 1615 2381 1950 2440; baseline 0.006 -2"><span class='ocrx_word' id='word_1_112' title='bbox 1615 2382 1700 2439; x_wconf 81' lang='lat' dir='ltr'>Vt</span> <span class='ocrx_word' id='word_1_113' title='bbox 1739 2381 1841 2440; x_wconf 77' lang='lat' dir='ltr'>tie.</span> <span class='ocrx_word' id='word_1_114' title='bbox 1888 2381 1950 2440; x_wconf 81' lang='lat' dir='ltr'>C.</span> 
     </span>
    </p>
   </div>
   <div class='ocr_carea' id='block_1_12' title="bbox 1328 2476 2826 2548">
    <p class='ocr_par' dir='ltr' id='par_1_13' title="bbox 1328 2476 2826 2548">
     <span class='ocr_line' id='line_1_26' title="bbox 1328 2476 2826 2548; baseline -0.003 -8"><span class='ocrx_word' id='word_1_115' title='bbox 1328 2476 1693 2548; x_wconf 82' lang='lat' dir='ltr'>PROVID.</span> <span class='ocrx_word' id='word_1_116' title='bbox 1742 2478 1942 2546; x_wconf 86' lang='lat' dir='ltr'>AVG.</span> <span class='ocrx_word' id='word_1_117' title='bbox 1976 2476 2167 2540; x_wconf 89' lang='lat' dir='ltr'>COS.</span> <span class='ocrx_word' id='word_1_118' title='bbox 2249 2479 2485 2540; x_wconf 78' lang='lat' dir='ltr'><em>Mulier</em></span> <span class='ocrx_word' id='word_1_119' title='bbox 2534 2488 2714 2539; x_wconf 74' lang='lat' dir='ltr'>stans</span> <span class='ocrx_word' id='word_1_120' title='bbox 2767 2480 2826 2537; x_wconf 82' lang='lat' dir='ltr'>d.</span> 
     </span>
    </p>
   </div>
   <div class='ocr_carea' id='block_1_13' title="bbox 1323 2581 2829 2952">
    <p class='ocr_par' dir='ltr' id='par_1_14' title="bbox 1324 2581 2825 2760">
     <span class='ocr_line' id='line_1_27' title="bbox 1324 2581 2825 2661; baseline -0.003 -17"><span class='ocrx_word' id='word_1_121' title='bbox 1324 2585 1671 2656; x_wconf 74' lang='lat' dir='ltr'><em>bacillum,</em></span> <span class='ocrx_word' id='word_1_122' title='bbox 1719 2601 1768 2640; x_wconf 77' lang='lat' dir='ltr'>s.</span> <span class='ocrx_word' id='word_1_123' title='bbox 1796 2583 2080 2655; x_wconf 80' lang='lat' dir='ltr'>hastam,</span> <span class='ocrx_word' id='word_1_124' title='bbox 2132 2600 2251 2658; x_wconf 81' lang='lat' dir='ltr'>pro</span> <span class='ocrx_word' id='word_1_125' title='bbox 2273 2582 2547 2658; x_wconf 74' lang='lat' dir='ltr'>pedibus</span> <span class='ocrx_word' id='word_1_126' title='bbox 2574 2581 2825 2661; x_wconf 72' lang='lat' dir='ltr'>ylobaes.</span> 
     </span>
     <span class='ocr_line' id='line_1_28' title="bbox 1331 2681 2151 2760; baseline -0.004 -15"><span class='ocrx_word' id='word_1_127' title='bbox 1331 2685 1471 2750; x_wconf 81' lang='lat' dir='ltr'>AV.</span> <span class='ocrx_word' id='word_1_128' title='bbox 1506 2685 1642 2745; x_wconf 79' lang='lat' dir='ltr'>AR.</span> <span class='ocrx_word' id='word_1_129' title='bbox 1692 2682 1894 2760; x_wconf 68' lang='lat' dir='ltr'>(Mus.</span> <span class='ocrx_word' id='word_1_130' title='bbox 1933 2681 2151 2760; x_wconf 83' lang='lat' dir='ltr'>Caes.)</span> 
     </span>
    </p>

    <p class='ocr_par' dir='ltr' id='par_1_15' title="bbox 1332 2778 2829 2952">
     <span class='ocr_line' id='line_1_29' title="bbox 1448 2778 2829 2865; baseline -0.004 -21"><span class='ocrx_word' id='word_1_131' title='bbox 1448 2781 1945 2865; x_wconf 85' lang='lat' dir='ltr'>Numireliqui.</span> <span class='ocrx_word' id='word_1_132' title='bbox 1986 2778 2598 2843; x_wconf 82' lang='lat' dir='ltr'><strong>CONCORDIA—</strong></span> <span class='ocrx_word' id='word_1_133' title='bbox 2616 2778 2829 2842; x_wconf 84' lang='lat' dir='ltr'>FOR-</span> 
     </span>
     <span class='ocr_line' id='line_1_30' title="bbox 1323 2880 2828 2952; baseline -0.005 -2.957"><span class='ocrx_word' id='word_1_134' title='bbox 1323 2880 2828 2952; x_wconf 76' lang='lat' dir='ltr'>TVNAE.REDVG1—ROMAE.AETER·</span> 
     </span>
    </p>
   </div>
   <div class='ocr_carea' id='block_1_14' title="bbox 1323 2983 2239 3065">
    <p class='ocr_par' dir='ltr' id='par_1_16' title="bbox 1323 2983 2239 3065">
     <span class='ocr_line' id='line_1_31' title="bbox 1323 2983 2239 3065; baseline -0.007 -17"><span class='ocrx_word' id='word_1_135' title='bbox 1323 2987 1503 3048; x_wconf 84' lang='lat' dir='ltr'>NAE</span> <span class='ocrx_word' id='word_1_136' title='bbox 1534 2998 1660 3048; x_wconf 83' lang='lat' dir='ltr'>etc.</span> <span class='ocrx_word' id='word_1_137' title='bbox 1693 3003 1850 3047; x_wconf 80' lang='lat' dir='ltr'>cum</span> <span class='ocrx_word' id='word_1_138' title='bbox 1882 2984 2014 3045; x_wconf 80' lang='lat' dir='ltr'>suis</span> <span class='ocrx_word' id='word_1_139' title='bbox 2046 2983 2239 3065; x_wconf 85' lang='lat' dir='ltr'>typis.</span> 
     </span>
    </p>
   </div>
   <div class='ocr_carea' id='block_1_15' title="bbox 1658 3188 2475 3350">
    <p class='ocr_par' dir='ltr' id='par_1_17' title="bbox 1658 3188 2475 3350">
     <span class='ocr_line' id='line_1_32' title="bbox 1658 3188 2475 3251; baseline -0.006 -2"><span class='ocrx_word' id='word_1_140' title='bbox 1658 3191 1735 3249; x_wconf 77' lang='lat' dir='ltr'>V.</span> <span class='ocrx_word' id='word_1_141' title='bbox 1775 3189 1847 3247; x_wconf 80' lang='lat' dir='ltr'>C.</span> <span class='ocrx_word' id='word_1_142' title='bbox 1888 3192 2034 3251; x_wconf 67' lang='lat'>947.</span> <span class='ocrx_word' id='word_1_143' title='bbox 2081 3188 2154 3247; x_wconf 71' lang='lat' dir='ltr'>P.</span> <span class='ocrx_word' id='word_1_144' title='bbox 2200 3188 2284 3248; x_wconf 81' lang='lat' dir='ltr'>X.</span> <span class='ocrx_word' id='word_1_145' title='bbox 2335 3192 2475 3250; x_wconf 64' lang='lat'>194.</span> 
     </span>
     <span class='ocr_line' id='line_1_33' title="bbox 1703 3288 2425 3350; baseline -0.007 0"><span class='ocrx_word' id='word_1_146' title='bbox 1703 3288 2064 3350; x_wconf 78' lang='lat' dir='ltr'>CAESAR.</span> <span class='ocrx_word' id='word_1_147' title='bbox 2114 3290 2288 3349; x_wconf 81' lang='lat' dir='ltr'>COS.</span> <span class='ocrx_word' id='word_1_148' title='bbox 2341 3291 2425 3348; x_wconf 91' lang='grc' dir='ltr'><strong>ΙΙ.</strong></span> 
     </span>
    </p>
   </div>
   <div class='ocr_carea' id='block_1_16' title="bbox 1323 3483 2820 3875">
    <p class='ocr_par' dir='ltr' id='par_1_18' title="bbox 1323 3483 2820 3759">
     <span class='ocr_line' id='line_1_34' title="bbox 1443 3483 2819 3573; baseline 0 -22"><span class='ocrx_word' id='word_1_149' title='bbox 1443 3483 1723 3553; x_wconf 72' lang='lat' dir='ltr'>Albinus</span> <span class='ocrx_word' id='word_1_150' title='bbox 1781 3488 2011 3553; x_wconf 90' lang='lat' dir='ltr'>consul</span> <span class='ocrx_word' id='word_1_151' title='bbox 2064 3490 2146 3551; x_wconf 89' lang='lat'>11.</span> <span class='ocrx_word' id='word_1_152' title='bbox 2180 3488 2488 3572; x_wconf 78' lang='lat' dir='ltr'>procedit</span> <span class='ocrx_word' id='word_1_153' title='bbox 2541 3490 2819 3573; x_wconf 81' lang='lat' dir='ltr'>conlega</span> 
     </span>
     <span class='ocr_line' id='line_1_35' title="bbox 1323 3588 2820 3675; baseline -0.003 -18"><span class='ocrx_word' id='word_1_154' title='bbox 1323 3596 1580 3657; x_wconf 83' lang='lat' dir='ltr'>Severo</span> <span class='ocrx_word' id='word_1_155' title='bbox 1626 3590 1946 3675; x_wconf 72' lang='lat' dir='ltr'>Augusto.</span> <span class='ocrx_word' id='word_1_156' title='bbox 2039 3590 2338 3655; x_wconf 67' lang='lat' dir='ltr'>Severus</span> <span class='ocrx_word' id='word_1_157' title='bbox 2379 3588 2820 3654; x_wconf 79' lang='lat' dir='ltr'>Pescennium</span> 
     </span>
     <span class='ocr_line' id='line_1_36' title="bbox 1326 3695 1640 3759; baseline -0.016 0"><span class='ocrx_word' id='word_1_158' title='bbox 1326 3695 1640 3759; x_wconf 76' lang='lat' dir='ltr'>debellat.</span> 
     </span>
    </p>

    <p class='ocr_par' dir='ltr' id='par_1_19' title="bbox 1327 3790 2820 3875">
     <span class='ocr_line' id='line_1_37' title="bbox 1327 3790 2820 3875; baseline -0.001 -19"><span class='ocrx_word' id='word_1_159' title='bbox 1327 3818 1332 3823; x_wconf 91' lang='lat'><strong>·</strong></span> <span class='ocrx_word' id='word_1_160' title='bbox 1467 3797 1700 3856; x_wconf 85' lang='lat' dir='ltr'>Partes</span> <span class='ocrx_word' id='word_1_161' title='bbox 1748 3793 1998 3855; x_wconf 77' lang='lat' dir='ltr'>amicae</span> <span class='ocrx_word' id='word_1_162' title='bbox 2046 3804 2119 3853; x_wconf 84' lang='lat' dir='ltr'>ut</span> <span class='ocrx_word' id='word_1_163' title='bbox 2170 3790 2252 3854; x_wconf 78' lang='lat' dir='ltr'>ad</span> <span class='ocrx_word' id='word_1_164' title='bbox 2279 3811 2516 3854; x_wconf 87' lang='lat' dir='ltr'>annum</span> <span class='ocrx_word' id='word_1_165' title='bbox 2552 3808 2820 3875; x_wconf 83' lang='lat' dir='ltr'>praece·</span> 
     </span>
    </p>
   </div>
   <div class='ocr_carea' id='block_1_17' title="bbox 1322 3897 1611 3959">
    <p class='ocr_par' dir='ltr' id='par_1_20' title="bbox 1322 3897 1611 3959">
     <span class='ocr_line' id='line_1_38' title="bbox 1322 3897 1611 3959; baseline -0.017 0"><span class='ocrx_word' id='word_1_166' title='bbox 1322 3897 1611 3959; x_wconf 79' lang='lat' dir='ltr'>dentem.</span> 
     </span>
    </p>
   </div>
   <div class='ocr_carea' id='block_1_18' title="bbox 2056 3992 2260 4077">
    <p class='ocr_par' dir='ltr' id='par_1_21' title="bbox 2056 3992 2260 4077">
     <span class='ocr_line' id='line_1_39' title="bbox 2056 3992 2096 4032; baseline 0 0"><span class='ocrx_word' id='word_1_167' title='bbox 2056 3992 2096 4032; x_wconf 61' lang='lat'>¹}</span> 
     </span>
     <span class='ocr_line' id='line_1_40' title="bbox 2221 4037 2260 4077; baseline 0 -7"><span class='ocrx_word' id='word_1_168' title='bbox 2221 4037 2260 4077; x_wconf 49' lang='grc' dir='ltr'><strong>ἢ</strong></span> 
     </span>
    </p>
   </div>
   <div class='ocr_carea' id='block_1_19' title="bbox 1321 4039 2813 4380">
    <p class='ocr_par' dir='ltr' id='par_1_22' title="bbox 1321 4039 2813 4380">
     <span class='ocr_line' id='line_1_41' title="bbox 1525 4039 1954 4159; baseline -0.002 -2"><span class='ocrx_word' id='word_1_169' title='bbox 1525 4118 1534 4129; x_wconf 82' lang='grc'><em>“</em></span> <span class='ocrx_word' id='word_1_170' title='bbox 1614 4099 1697 4157; x_wconf 71' lang='lat' dir='ltr'>V!</span> <span class='ocrx_word' id='word_1_171' title='bbox 1738 4097 1835 4158; x_wconf 67' lang='lat'>1⁸⁹8.</span> <span class='ocrx_word' id='word_1_172' title='bbox 1872 4039 1954 4159; x_wconf 54' lang='grc' dir='ltr'><strong>ἑ.</strong></span> 
     </span>
     <span class='ocr_line' id='line_1_42' title="bbox 1321 4195 2813 4276; baseline -0.007 -13"><span class='ocrx_word' id='word_1_173' title='bbox 1321 4195 1512 4263; x_wconf 89' lang='lat' dir='ltr'>COS.</span> <span class='ocrx_word' id='word_1_174' title='bbox 1545 4197 1629 4259; x_wconf 88' lang='lat'>11.</span> <span class='ocrx_word' id='word_1_175' title='bbox 1689 4199 2120 4276; x_wconf 72' lang='lat' dir='ltr'>Aesculapius</span> <span class='ocrx_word' id='word_1_176' title='bbox 2143 4205 2344 4259; x_wconf 74' lang='lat' dir='ltr'>stans.</span> <span class='ocrx_word' id='word_1_177' title='bbox 2404 4196 2543 4257; x_wconf 80' lang='lat' dir='ltr'>AR.</span> <span class='ocrx_word' id='word_1_178' title='bbox 2594 4196 2727 4258; x_wconf 84' lang='grc' dir='ltr'>ΑΕ.</span> <span class='ocrx_word' id='word_1_179' title='bbox 2767 4198 2813 4256; x_wconf 89' lang='lat'>1.</span> 
     </span>
     <span class='ocr_line' id='line_1_43' title="bbox 1324 4296 2033 4380; baseline -0.007 -19"><span class='ocrx_word' id='word_1_180' title='bbox 1324 4301 1528 4380; x_wconf 84' lang='lat' dir='ltr'>(Mus.</span> <span class='ocrx_word' id='word_1_181' title='bbox 1577 4297 1762 4359; x_wconf 86' lang='lat' dir='ltr'>Caes.</span> <span class='ocrx_word' id='word_1_182' title='bbox 1797 4296 2033 4370; x_wconf 82' lang='lat' dir='ltr'>Vaill.)</span> 
     </span>
    </p>
   </div>
   <div class='ocr_carea' id='block_1_20' title="bbox 1615 1567 2828 1748">
    <p class='ocr_par' dir='ltr' id='par_1_23' title="bbox 1615 1567 2828 1748">
     <span class='ocr_line' id='line_1_44' title="bbox 2331 1567 2825 1632; baseline -0.004 -2"><span class='ocrx_word' id='word_1_183' title='bbox 2331 1567 2825 1632; x_wconf 74' lang='lat' dir='ltr'>SEPTIMIVS.</span> 
     </span>
     <span class='ocr_line' id='line_1_45' title="bbox 1615 1665 2828 1748; baseline -0.001 -20"><span class='ocrx_word' id='word_1_184' title='bbox 1615 1671 2020 1735; x_wconf 81' lang='lat' dir='ltr'>ALBINVS.</span> <span class='ocrx_word' id='word_1_185' title='bbox 2053 1670 2296 1731; x_wconf 82' lang='lat' dir='ltr'>CAES.</span> <span class='ocrx_word' id='word_1_186' title='bbox 2343 1665 2541 1748; x_wconf 63' lang='lat' dir='ltr'>Caput</span> <span class='ocrx_word' id='word_1_187' title='bbox 2570 1673 2828 1742; x_wconf 80' lang='lat' dir='ltr'>nudum,</span> 
     </span>
    </p>
   </div>
   <div class='ocr_carea' id='block_1_21' title="bbox 1943 2073 2825 2136">
    <p class='ocr_par' dir='ltr' id='par_1_24' title="bbox 1943 2073 2825 2136">
     <span class='ocr_line' id='line_1_46' title="bbox 1943 2073 2825 2136; baseline -0.001 -2"><span class='ocrx_word' id='word_1_188' title='bbox 1943 2076 2187 2135; x_wconf 77' lang='lat' dir='ltr'>SEPT.</span> <span class='ocrx_word' id='word_1_189' title='bbox 2245 2074 2534 2134; x_wconf 84' lang='lat' dir='ltr'>ALBIN.</span> <span class='ocrx_word' id='word_1_190' title='bbox 2587 2073 2825 2136; x_wconf 81' lang='lat' dir='ltr'>CAES.</span> 
     </span>
    </p>
   </div>
   <div class='ocr_carea' id='block_1_22' title="bbox 2948 1065 4423 1243">
    <p class='ocr_par' dir='ltr' id='par_1_25' title="bbox 2948 1065 4423 1243">
     <span class='ocr_line' id='line_1_47' title="bbox 2951 1065 4423 1143; baseline 0.005 -24"><span class='ocrx_word' id='word_1_191' title='bbox 2951 1070 3132 1120; x_wconf 82' lang='lat' dir='ltr'>stans</span> <span class='ocrx_word' id='word_1_192' title='bbox 3149 1065 3208 1120; x_wconf 84' lang='lat' dir='ltr'>d.</span> <span class='ocrx_word' id='word_1_193' title='bbox 3229 1066 3573 1124; x_wconf 80' lang='lat' dir='ltr'>caduceum</span> <span class='ocrx_word' id='word_1_194' title='bbox 3587 1085 3727 1124; x_wconf 83' lang='lat' dir='ltr'>cum</span> <span class='ocrx_word' id='word_1_195' title='bbox 3743 1068 3940 1143; x_wconf 68' lang='lat' dir='ltr'>spicis</span> <span class='ocrx_word' id='word_1_196' title='bbox 3958 1108 3979 1139; x_wconf 87' lang='lat'><strong>‚</strong></span> <span class='ocrx_word' id='word_1_197' title='bbox 4033 1088 4089 1128; x_wconf 74' lang='lat' dir='ltr'>a.</span> <span class='ocrx_word' id='word_1_198' title='bbox 4113 1072 4423 1133; x_wconf 66' lang='lat' dir='ltr'>tridentem.</span> 
     </span>
     <span class='ocr_line' id='line_1_48' title="bbox 2948 1161 3971 1243; baseline 0.005 -21"><span class='ocrx_word' id='word_1_199' title='bbox 2948 1161 3087 1223; x_wconf 85' lang='lat' dir='ltr'>AR.</span> <span class='ocrx_word' id='word_1_200' title='bbox 3127 1163 3264 1223; x_wconf 84' lang='grc' dir='ltr'>ΑΕ.</span> <span class='ocrx_word' id='word_1_201' title='bbox 3304 1165 3352 1223; x_wconf 92' lang='lat' dir='ltr'>I.</span> <span class='ocrx_word' id='word_1_202' title='bbox 3384 1165 3463 1224; x_wconf 74' lang='lat'>11‘.</span> <span class='ocrx_word' id='word_1_203' title='bbox 3512 1166 3714 1243; x_wconf 85' lang='lat' dir='ltr'>(Mus.</span> <span class='ocrx_word' id='word_1_204' title='bbox 3753 1167 3971 1243; x_wconf 80' lang='lat' dir='ltr'>Caes.)</span> 
     </span>
    </p>
   </div>
   <div class='ocr_carea' id='block_1_23' title="bbox 2946 1263 4428 1557">
    <p class='ocr_par' dir='ltr' id='par_1_26' title="bbox 2946 1263 4428 1557">
     <span class='ocr_line' id='line_1_49' title="bbox 3072 1263 4428 1334; baseline 0.008 -11"><span class='ocrx_word' id='word_1_205' title='bbox 3072 1263 3321 1324; x_wconf 85' lang='lat' dir='ltr'>Eadem</span> <span class='ocrx_word' id='word_1_206' title='bbox 3355 1284 3582 1328; x_wconf 86' lang='lat' dir='ltr'>aversa</span> <span class='ocrx_word' id='word_1_207' title='bbox 3616 1279 3716 1327; x_wconf 85' lang='lat' dir='ltr'>est</span> <span class='ocrx_word' id='word_1_208' title='bbox 3753 1265 3949 1327; x_wconf 86' lang='lat' dir='ltr'>etiam</span> <span class='ocrx_word' id='word_1_209' title='bbox 3982 1267 4062 1329; x_wconf 88' lang='lat' dir='ltr'>in</span> <span class='ocrx_word' id='word_1_210' title='bbox 4090 1271 4318 1334; x_wconf 72' lang='lat' dir='ltr'>Severi</span> <span class='ocrx_word' id='word_1_211' title='bbox 4333 1294 4428 1334; x_wconf 86' lang='lat' dir='ltr'>nu·</span> 
     </span>
     <span class='ocr_line' id='line_1_50' title="bbox 2946 1349 4383 1450; baseline 0.006 -24"><span class='ocrx_word' id='word_1_212' title='bbox 2946 1364 3069 1426; x_wconf 89' lang='lat' dir='ltr'>mis</span> <span class='ocrx_word' id='word_1_213' title='bbox 3108 1365 3526 1445; x_wconf 83' lang='lat' dir='ltr'>synchronis,</span> <span class='ocrx_word' id='word_1_214' title='bbox 3574 1386 3739 1450; x_wconf 85' lang='lat' dir='ltr'>quos</span> <span class='ocrx_word' id='word_1_215' title='bbox 3773 1367 3949 1435; x_wconf 79' lang='lat' dir='ltr'>vide.</span> <span class='ocrx_word' id='word_1_216' title='bbox 4372 1349 4383 1358; x_wconf 31' lang='grc' dir='ltr'><em>ο</em></span> 
     </span>
     <span class='ocr_line' id='line_1_51' title="bbox 3073 1466 4378 1557; baseline 0.006 -28"><span class='ocrx_word' id='word_1_217' title='bbox 3073 1468 3274 1529; x_wconf 84' lang='lat' dir='ltr'>Numi</span> <span class='ocrx_word' id='word_1_218' title='bbox 3309 1466 3552 1551; x_wconf 87' lang='lat' dir='ltr'>reliqui</span> <span class='ocrx_word' id='word_1_219' title='bbox 3592 1467 3771 1532; x_wconf 80' lang='lat' dir='ltr'>obvii</span> <span class='ocrx_word' id='word_1_220' title='bbox 3809 1487 3962 1536; x_wconf 89' lang='lat' dir='ltr'>sunt</span> <span class='ocrx_word' id='word_1_221' title='bbox 3994 1476 4378 1557; x_wconf 81' lang='lat' dir='ltr'>argumenti.</span> 
     </span>
    </p>
   </div>
   <div class='ocr_carea' id='block_1_24' title="bbox 3301 1674 4137 1838">
    <p class='ocr_par' dir='ltr' id='par_1_27' title="bbox 3301 1674 4137 1838">
     <span class='ocr_line' id='line_1_52' title="bbox 3301 1674 4137 1739; baseline 0.002 -6"><span class='ocrx_word' id='word_1_222' title='bbox 3301 1674 3371 1733; x_wconf 82' lang='lat' dir='ltr'>V.</span> <span class='ocrx_word' id='word_1_223' title='bbox 3425 1674 3484 1731; x_wconf 83' lang='lat' dir='ltr'>e.</span> <span class='ocrx_word' id='word_1_224' title='bbox 3534 1679 3681 1734; x_wconf 71' lang='lat'>998.</span> <span class='ocrx_word' id='word_1_225' title='bbox 3727 1676 3798 1733; x_wconf 78' lang='grc' dir='ltr'>Ρ.</span> <span class='ocrx_word' id='word_1_226' title='bbox 3847 1676 3929 1734; x_wconf 84' lang='grc' dir='ltr'>Χ.</span> <span class='ocrx_word' id='word_1_227' title='bbox 3983 1685 4137 1739; x_wconf 77' lang='lat'>195.</span> 
     </span>
     <span class='ocr_line' id='line_1_53' title="bbox 3332 1764 4069 1838; baseline 0.004 -5"><span class='ocrx_word' id='word_1_228' title='bbox 3332 1775 3695 1835; x_wconf 69' lang='lat' dir='ltr'>CAESAR.</span> <span class='ocrx_word' id='word_1_229' title='bbox 3742 1764 3922 1837; x_wconf 70' lang='lat' dir='ltr'>cos.</span> <span class='ocrx_word' id='word_1_230' title='bbox 3967 1779 4069 1838; x_wconf 82' lang='lat'>11.</span> 
     </span>
    </p>
   </div>
   <div class='ocr_carea' id='block_1_25' title="bbox 2947 1943 4424 2152">
    <p class='ocr_par' dir='ltr' id='par_1_28' title="bbox 2947 1943 4424 2152">
     <span class='ocr_line' id='line_1_54' title="bbox 3074 1943 4424 2058; baseline 0 -23"><span class='ocrx_word' id='word_1_231' title='bbox 3074 1971 3254 2035; x_wconf 82' lang='lat' dir='ltr'>Nihil</span> <span class='ocrx_word' id='word_1_232' title='bbox 3295 1971 3378 2036; x_wconf 81' lang='lat' dir='ltr'>de</span> <span class='ocrx_word' id='word_1_233' title='bbox 3413 1974 3653 2038; x_wconf 82' lang='lat' dir='ltr'>Albino</span> <span class='ocrx_word' id='word_1_234' title='bbox 3684 1943 3779 2038; x_wconf 44' lang='grc' dir='ltr'>Μ8ιὶ</span> <span class='ocrx_word' id='word_1_235' title='bbox 3813 1976 3994 2041; x_wconf 78' lang='lat' dir='ltr'>hunc</span> <span class='ocrx_word' id='word_1_236' title='bbox 4029 1995 4272 2040; x_wconf 82' lang='lat' dir='ltr'>annum</span> <span class='ocrx_word' id='word_1_237' title='bbox 4302 1996 4424 2058; x_wconf 82' lang='lat' dir='ltr'>pro-</span> 
     </span>
     <span class='ocr_line' id='line_1_55' title="bbox 2947 2073 4421 2152; baseline 0.001 -17"><span class='ocrx_word' id='word_1_238' title='bbox 2947 2073 3146 2136; x_wconf 84' lang='lat' dir='ltr'>ditur.</span> <span class='ocrx_word' id='word_1_239' title='bbox 3194 2076 3480 2138; x_wconf 85' lang='lat' dir='ltr'>Severus</span> <span class='ocrx_word' id='word_1_240' title='bbox 3519 2077 3585 2137; x_wconf 88' lang='lat' dir='ltr'>in</span> <span class='ocrx_word' id='word_1_241' title='bbox 3617 2077 3896 2142; x_wconf 81' lang='lat' dir='ltr'>Oriente</span> <span class='ocrx_word' id='word_1_242' title='bbox 3932 2076 4262 2152; x_wconf 85' lang='lat' dir='ltr'>Parthos,</span> <span class='ocrx_word' id='word_1_243' title='bbox 4317 2075 4421 2138; x_wconf 75' lang='lat' dir='ltr'>Ad·</span> 
     </span>
    </p>
   </div>
   <div class='ocr_carea' id='block_1_26' title="bbox 2866 2175 4028 2263">
    <p class='ocr_par' dir='ltr' id='par_1_29' title="bbox 2866 2175 4028 2263">
     <span class='ocr_line' id='line_1_56' title="bbox 2866 2175 4028 2263; baseline 0.003 -27"><span class='ocrx_word' id='word_1_244' title='bbox 2866 2203 2869 2206; x_wconf 96' lang='lat'>·</span> <span class='ocrx_word' id='word_1_245' title='bbox 2943 2175 3214 2258; x_wconf 84' lang='lat' dir='ltr'>jabenos</span> <span class='ocrx_word' id='word_1_246' title='bbox 3238 2222 3256 2252; x_wconf 90' lang='lat'>‚</span> <span class='ocrx_word' id='word_1_247' title='bbox 3301 2177 3549 2240; x_wconf 82' lang='lat' dir='ltr'>Arabas</span> <span class='ocrx_word' id='word_1_248' title='bbox 3584 2181 4028 2263; x_wconf 77' lang='lat' dir='ltr'>persequitur.</span> 
     </span>
    </p>
   </div>
   <div class='ocr_carea' id='block_1_27' title="bbox 3070 2276 4415 2364">
    <p class='ocr_par' dir='ltr' id='par_1_30' title="bbox 3070 2276 4415 2364">
     <span class='ocr_line' id='line_1_57' title="bbox 3070 2276 4415 2364; baseline 0.001 -28"><span class='ocrx_word' id='word_1_249' title='bbox 3070 2276 3171 2336; x_wconf 83' lang='lat' dir='ltr'>Ad</span> <span class='ocrx_word' id='word_1_250' title='bbox 3206 2277 3381 2339; x_wconf 86' lang='lat' dir='ltr'>hunc</span> <span class='ocrx_word' id='word_1_251' title='bbox 3414 2278 3608 2341; x_wconf 86' lang='lat' dir='ltr'>etiam</span> <span class='ocrx_word' id='word_1_252' title='bbox 3627 2300 3863 2340; x_wconf 87' lang='lat' dir='ltr'>annum</span> <span class='ocrx_word' id='word_1_253' title='bbox 3892 2281 4235 2364; x_wconf 80' lang='lat' dir='ltr'>pertinent</span> <span class='ocrx_word' id='word_1_254' title='bbox 4265 2278 4415 2340; x_wconf 85' lang='lat' dir='ltr'>numi</span> 
     </span>
    </p>
   </div>
   <div class='ocr_carea' id='block_1_28' title="bbox 2941 2376 4412 2572">
    <p class='ocr_par' dir='ltr' id='par_1_31' title="bbox 2941 2376 4412 2572">
     <span class='ocr_line' id='line_1_58' title="bbox 2944 2376 4412 2445; baseline 0.003 -10"><span class='ocrx_word' id='word_1_255' title='bbox 2944 2376 3169 2437; x_wconf 84' lang='lat' dir='ltr'>Albini</span> <span class='ocrx_word' id='word_1_256' title='bbox 3226 2379 3440 2443; x_wconf 80' lang='lat' dir='ltr'>adhuc</span> <span class='ocrx_word' id='word_1_257' title='bbox 3509 2380 3806 2443; x_wconf 81' lang='lat' dir='ltr'>Caesaris</span> <span class='ocrx_word' id='word_1_258' title='bbox 3881 2382 4295 2445; x_wconf 85' lang='lat' dir='ltr'>consulatum</span> <span class='ocrx_word' id='word_1_259' title='bbox 4351 2380 4412 2439; x_wconf 81' lang='grc' dir='ltr'><strong>ΙΙ.</strong></span> 
     </span>
     <span class='ocr_line' id='line_1_59' title="bbox 2941 2475 3527 2572; baseline 0.017 -34"><span class='ocrx_word' id='word_1_260' title='bbox 2941 2475 3420 2563; x_wconf 74' lang='lat' dir='ltr'>praeferentes.</span> <span class='ocrx_word' id='word_1_261' title='bbox 3524 2569 3527 2572; x_wconf 21' lang='grc' dir='ltr'>Ι</span> 
     </span>
    </p>
   </div>
   <div class='ocr_carea' id='block_1_29' title="bbox 3106 2683 4298 2876">
    <p class='ocr_par' dir='ltr' id='par_1_32' title="bbox 3106 2683 4298 2876">
     <span class='ocr_line' id='line_1_60' title="bbox 3106 2683 4298 2750; baseline 0.003 -10"><span class='ocrx_word' id='word_1_262' title='bbox 3106 2683 3178 2741; x_wconf 77' lang='lat' dir='ltr'>V.</span> <span class='ocrx_word' id='word_1_263' title='bbox 3228 2684 3293 2744; x_wconf 78' lang='lat' dir='ltr'>e.</span> <span class='ocrx_word' id='word_1_264' title='bbox 3335 2691 3481 2747; x_wconf 71' lang='lat'>999.</span> <span class='ocrx_word' id='word_1_265' title='bbox 3528 2693 3672 2748; x_wconf 83' lang='lat'>950.</span> <span class='ocrx_word' id='word_1_266' title='bbox 3719 2687 3788 2745; x_wconf 82' lang='lat' dir='ltr'>P.</span> <span class='ocrx_word' id='word_1_267' title='bbox 3833 2687 3917 2747; x_wconf 82' lang='grc' dir='ltr'>Χ.</span> <span class='ocrx_word' id='word_1_268' title='bbox 3968 2694 4118 2750; x_wconf 76' lang='lat'>196.</span> <span class='ocrx_word' id='word_1_269' title='bbox 4167 2694 4298 2749; x_wconf 75' lang='lat'>197.</span> 
     </span>
     <span class='ocr_line' id='line_1_61' title="bbox 3264 2786 4127 2876; baseline 0.005 -32"><span class='ocrx_word' id='word_1_270' title='bbox 3264 2787 3447 2876; x_wconf 71' lang='lat' dir='ltr'>Am</span> <span class='ocrx_word' id='word_1_271' title='bbox 3458 2788 3758 2847; x_wconf 57' lang='lat' dir='ltr'>Varus.</span> <span class='ocrx_word' id='word_1_272' title='bbox 3808 2786 3986 2848; x_wconf 74' lang='lat' dir='ltr'>cos.</span> <span class='ocrx_word' id='word_1_273' title='bbox 4031 2790 4127 2848; x_wconf 84' lang='lat'>11.</span> 
     </span>
    </p>
   </div>
   <div class='ocr_carea' id='block_1_30' title="bbox 2928 2984 4407 4381">
    <p class='ocr_par' dir='ltr' id='par_1_33' title="bbox 2928 2984 4407 4381">
     <span class='ocr_line' id='line_1_62' title="bbox 3062 2984 4407 3075; baseline 0 -31"><span class='ocrx_word' id='word_1_274' title='bbox 3062 2985 3303 3047; x_wconf 85' lang='lat' dir='ltr'>Pacato</span> <span class='ocrx_word' id='word_1_275' title='bbox 3324 2984 3600 3049; x_wconf 90' lang='lat' dir='ltr'>Oriente</span> <span class='ocrx_word' id='word_1_276' title='bbox 3614 3006 3697 3048; x_wconf 90' lang='lat' dir='ltr'>ne</span> <span class='ocrx_word' id='word_1_277' title='bbox 3717 2985 4015 3050; x_wconf 82' lang='lat' dir='ltr'>Caesaris</span> <span class='ocrx_word' id='word_1_278' title='bbox 4030 2988 4288 3075; x_wconf 77' lang='lat' dir='ltr'>quidem</span> <span class='ocrx_word' id='word_1_279' title='bbox 4303 3006 4407 3047; x_wconf 81' lang='lat' dir='ltr'>am·</span> 
     </span>
     <span class='ocr_line' id='line_1_63' title="bbox 2942 3085 4401 3169; baseline -0.001 -24"><span class='ocrx_word' id='word_1_280' title='bbox 2942 3085 3118 3169; x_wconf 74' lang='lat' dir='ltr'>plius</span> <span class='ocrx_word' id='word_1_281' title='bbox 3164 3085 3450 3147; x_wconf 84' lang='lat' dir='ltr'>honores</span> <span class='ocrx_word' id='word_1_282' title='bbox 3478 3087 3767 3150; x_wconf 79' lang='lat' dir='ltr'>Severus</span> <span class='ocrx_word' id='word_1_283' title='bbox 3806 3090 4053 3154; x_wconf 82' lang='lat' dir='ltr'>Albino</span> <span class='ocrx_word' id='word_1_284' title='bbox 4101 3087 4314 3153; x_wconf 82' lang='lat' dir='ltr'>tribuit</span> <span class='ocrx_word' id='word_1_285' title='bbox 4340 3086 4401 3161; x_wconf 76' lang='lat'>⁶).</span> 
     </span>
     <span class='ocr_line' id='line_1_64' title="bbox 2928 3185 4398 3275; baseline 0.001 -29"><span class='ocrx_word' id='word_1_286' title='bbox 2928 3187 3169 3250; x_wconf 77' lang='lat' dir='ltr'>Postea</span> <span class='ocrx_word' id='word_1_287' title='bbox 3202 3185 3483 3250; x_wconf 80' lang='lat' dir='ltr'>detectis</span> <span class='ocrx_word' id='word_1_288' title='bbox 3504 3188 3767 3250; x_wconf 80' lang='lat' dir='ltr'>&#39;insidiis</span> <span class='ocrx_word' id='word_1_289' title='bbox 3792 3237 3808 3266; x_wconf 94' lang='lat'>‚</span> <span class='ocrx_word' id='word_1_290' title='bbox 3856 3212 4026 3275; x_wconf 88' lang='lat' dir='ltr'>quae</span> <span class='ocrx_word' id='word_1_291' title='bbox 4074 3191 4197 3255; x_wconf 85' lang='lat' dir='ltr'>sibi</span> <span class='ocrx_word' id='word_1_292' title='bbox 4230 3190 4398 3251; x_wconf 75' lang='lat' dir='ltr'>Seve-</span> 
     </span>
     <span class='ocr_line' id='line_1_65' title="bbox 2930 3290 4395 3372; baseline -0.005 -17"><span class='ocrx_word' id='word_1_293' title='bbox 2930 3310 3043 3355; x_wconf 79' lang='lat' dir='ltr'>rus</span> <span class='ocrx_word' id='word_1_294' title='bbox 3090 3301 3452 3364; x_wconf 83' lang='lat' dir='ltr'>struxerat,</span> <span class='ocrx_word' id='word_1_295' title='bbox 3516 3290 3728 3372; x_wconf 82' lang='lat' dir='ltr'>palam</span> <span class='ocrx_word' id='word_1_296' title='bbox 3784 3292 4135 3371; x_wconf 77' lang='lat' dir='ltr'>desciscit,</span> <span class='ocrx_word' id='word_1_297' title='bbox 4198 3304 4260 3352; x_wconf 87' lang='lat' dir='ltr'>et</span> <span class='ocrx_word' id='word_1_298' title='bbox 4294 3290 4395 3347; x_wconf 78' lang='lat' dir='ltr'>Aa·</span> 
     </span>
     <span class='ocr_line' id='line_1_66' title="bbox 2933 3388 4392 3474; baseline -0.001 -24"><span class='ocrx_word' id='word_1_299' title='bbox 2933 3388 3108 3473; x_wconf 84' lang='lat' dir='ltr'>gusti</span> <span class='ocrx_word' id='word_1_300' title='bbox 3151 3389 3409 3451; x_wconf 88' lang='lat' dir='ltr'>titulum</span> <span class='ocrx_word' id='word_1_301' title='bbox 3438 3391 3632 3474; x_wconf 85' lang='lat' dir='ltr'>capit.</span> <span class='ocrx_word' id='word_1_302' title='bbox 3672 3395 3782 3455; x_wconf 77' lang='lat' dir='ltr'>Ex</span> <span class='ocrx_word' id='word_1_303' title='bbox 3818 3394 4157 3456; x_wconf 84' lang='lat' dir='ltr'>Britannia</span> <span class='ocrx_word' id='word_1_304' title='bbox 4183 3392 4246 3452; x_wconf 92' lang='lat' dir='ltr'>in</span> <span class='ocrx_word' id='word_1_305' title='bbox 4266 3388 4392 3450; x_wconf 70' lang='lat' dir='ltr'>Gat-</span> 
     </span>
     <span class='ocr_line' id='line_1_67' title="bbox 2934 3488 4390 3575; baseline 0 -24"><span class='ocrx_word' id='word_1_306' title='bbox 2934 3491 3090 3552; x_wconf 88' lang='lat' dir='ltr'>liam</span> <span class='ocrx_word' id='word_1_307' title='bbox 3140 3504 3589 3571; x_wconf 84' lang='lat' dir='ltr'>transgressus</span> <span class='ocrx_word' id='word_1_308' title='bbox 3621 3490 3931 3575; x_wconf 83' lang='lat' dir='ltr'>Lugduni</span> <span class='ocrx_word' id='word_1_309' title='bbox 3985 3491 4208 3555; x_wconf 82' lang='lat' dir='ltr'>sedem</span> <span class='ocrx_word' id='word_1_310' title='bbox 4257 3488 4390 3572; x_wconf 83' lang='lat' dir='ltr'>figit.</span> 
     </span>
     <span class='ocr_line' id='line_1_68' title="bbox 2932 3587 4397 3676; baseline -0.005 -21"><span class='ocrx_word' id='word_1_311' title='bbox 2932 3593 3187 3655; x_wconf 82' lang='lat' dir='ltr'>Romae</span> <span class='ocrx_word' id='word_1_312' title='bbox 3236 3614 3271 3653; x_wconf 88' lang='lat' dir='ltr'>a</span> <span class='ocrx_word' id='word_1_313' title='bbox 3324 3605 3581 3668; x_wconf 84' lang='lat' dir='ltr'>senatu,</span> <span class='ocrx_word' id='word_1_314' title='bbox 3634 3593 3758 3654; x_wconf 92' lang='lat' dir='ltr'>etsi</span> <span class='ocrx_word' id='word_1_315' title='bbox 3807 3596 3975 3658; x_wconf 84' lang='lat' dir='ltr'>clam</span> <span class='ocrx_word' id='word_1_316' title='bbox 4024 3614 4153 3676; x_wconf 87' lang='lat' dir='ltr'>per</span> <span class='ocrx_word' id='word_1_317' title='bbox 4200 3587 4397 3654; x_wconf 72' lang='lat' dir='ltr'>Severi</span> 
     </span>
     <span class='ocr_line' id='line_1_69' title="bbox 2934 3690 4393 3769; baseline -0.004 -15"><span class='ocrx_word' id='word_1_318' title='bbox 2934 3692 3161 3755; x_wconf 81' lang='lat' dir='ltr'>odium</span> <span class='ocrx_word' id='word_1_319' title='bbox 3215 3692 3339 3754; x_wconf 85' lang='lat' dir='ltr'>sibi</span> <span class='ocrx_word' id='word_1_320' title='bbox 3386 3691 3688 3769; x_wconf 81' lang='lat' dir='ltr'>favente,</span> <span class='ocrx_word' id='word_1_321' title='bbox 3747 3709 3814 3755; x_wconf 87' lang='lat' dir='ltr'>et</span> <span class='ocrx_word' id='word_1_322' title='bbox 3852 3694 4171 3757; x_wconf 80' lang='lat' dir='ltr'>militibus</span> <span class='ocrx_word' id='word_1_323' title='bbox 4222 3690 4393 3754; x_wconf 83' lang='lat' dir='ltr'>hostis</span> 
     </span>
     <span class='ocr_line' id='line_1_70' title="bbox 2933 3792 4397 3875; baseline -0.003 -20"><span class='ocrx_word' id='word_1_324' title='bbox 2933 3792 3281 3875; x_wconf 81' lang='lat' dir='ltr'>judicatur.</span> <span class='ocrx_word' id='word_1_325' title='bbox 3343 3793 3641 3855; x_wconf 87' lang='lat' dir='ltr'>Primum</span> <span class='ocrx_word' id='word_1_326' title='bbox 3673 3795 3889 3857; x_wconf 79' lang='lat' dir='ltr'>victor</span> <span class='ocrx_word' id='word_1_327' title='bbox 3924 3794 4007 3856; x_wconf 77' lang='lat' dir='ltr'>tle</span> <span class='ocrx_word' id='word_1_328' title='bbox 4048 3794 4273 3858; x_wconf 86' lang='lat' dir='ltr'>Severi</span> <span class='ocrx_word' id='word_1_329' title='bbox 4307 3792 4397 3850; x_wconf 85' lang='lat' dir='ltr'>du·</span> 
     </span>
     <span class='ocr_line' id='line_1_71' title="bbox 2934 3888 4387 3978; baseline -0.001 -20"><span class='ocrx_word' id='word_1_330' title='bbox 2934 3894 3141 3969; x_wconf 66' lang='lat' dir='ltr'>cibus»,</span> <span class='ocrx_word' id='word_1_331' title='bbox 3161 3915 3312 3956; x_wconf 87' lang='lat' dir='ltr'>mox</span> <span class='ocrx_word' id='word_1_332' title='bbox 3334 3894 3505 3976; x_wconf 77' lang='lat' dir='ltr'>apud</span> <span class='ocrx_word' id='word_1_333' title='bbox 3528 3894 3899 3958; x_wconf 87' lang='lat' dir='ltr'>Tinurtium</span> <span class='ocrx_word' id='word_1_334' title='bbox 3919 3888 4186 3978; x_wconf 60' lang='lat' dir='ltr'>ingenie</span> <span class='ocrx_word' id='word_1_335' title='bbox 4207 3909 4387 3974; x_wconf 72' lang='lat' dir='ltr'>strage</span> 
     </span>
     <span class='ocr_line' id='line_1_72' title="bbox 2932 3992 4391 4079; baseline -0.005 -21"><span class='ocrx_word' id='word_1_336' title='bbox 2932 3994 3233 4058; x_wconf 81' lang='lat' dir='ltr'>adficitur</span> <span class='ocrx_word' id='word_1_337' title='bbox 3269 3994 3382 4056; x_wconf 82' lang='lat' dir='ltr'>x1.</span> <span class='ocrx_word' id='word_1_338' title='bbox 3419 3993 3576 4058; x_wconf 85' lang='lat' dir='ltr'>Kal.</span> <span class='ocrx_word' id='word_1_339' title='bbox 3613 4000 3802 4058; x_wconf 82' lang='lat' dir='ltr'>Mart.</span> <span class='ocrx_word' id='word_1_340' title='bbox 3836 3999 3916 4064; x_wconf 89' lang='lat' dir='ltr'>V.</span> <span class='ocrx_word' id='word_1_341' title='bbox 3950 3998 4019 4058; x_wconf 94' lang='lat' dir='ltr'>C.</span> <span class='ocrx_word' id='word_1_342' title='bbox 4054 4000 4198 4079; x_wconf 77' lang='lat'><strong>95⁰·</strong></span> <span class='ocrx_word' id='word_1_343' title='bbox 4257 3992 4391 4072; x_wconf 74' lang='lat' dir='ltr'>Ejus</span> 
     </span>
     <span class='ocr_line' id='line_1_73' title="bbox 2933 4090 4388 4177; baseline -0.005 -19"><span class='ocrx_word' id='word_1_344' title='bbox 2933 4095 3280 4158; x_wconf 83' lang='lat' dir='ltr'>seminecis</span> <span class='ocrx_word' id='word_1_345' title='bbox 3316 4111 3509 4177; x_wconf 88' lang='lat' dir='ltr'>caput</span> <span class='ocrx_word' id='word_1_346' title='bbox 3548 4098 3837 4159; x_wconf 80' lang='lat' dir='ltr'>Severus</span> <span class='ocrx_word' id='word_1_347' title='bbox 3874 4119 3910 4158; x_wconf 88' lang='lat' dir='ltr'>a</span> <span class='ocrx_word' id='word_1_348' title='bbox 3944 4109 4181 4161; x_wconf 88' lang='lat' dir='ltr'>trunco</span> <span class='ocrx_word' id='word_1_349' title='bbox 4208 4090 4388 4158; x_wconf 75' lang='lat' dir='ltr'>revul-</span> 
     </span>
     <span class='ocr_line' id='line_1_74' title="bbox 2932 4190 4390 4284; baseline 0.001 -25"><span class='ocrx_word' id='word_1_350' title='bbox 2932 4218 3073 4259; x_wconf 89' lang='lat' dir='ltr'>sum</span> <span class='ocrx_word' id='word_1_351' title='bbox 3119 4199 3401 4258; x_wconf 84' lang='lat' dir='ltr'>Romam</span> <span class='ocrx_word' id='word_1_352' title='bbox 3452 4199 3853 4279; x_wconf 86' lang='lat' dir='ltr'>praemittit,</span> <span class='ocrx_word' id='word_1_353' title='bbox 3932 4212 3998 4260; x_wconf 90' lang='lat' dir='ltr'>et</span> <span class='ocrx_word' id='word_1_354' title='bbox 4034 4190 4277 4284; x_wconf 62' lang='lat' dir='ltr'>⁴equum</span> <span class='ocrx_word' id='word_1_355' title='bbox 4313 4193 4390 4252; x_wconf 77' lang='lat' dir='ltr'>in·</span> 
     </span>
     <span class='ocr_line' id='line_1_75' title="bbox 2929 4290 4382 4381; baseline -0.005 -22"><span class='ocrx_word' id='word_1_356' title='bbox 2929 4298 3174 4360; x_wconf 75' lang='lat' dir='ltr'>saltans</span> <span class='ocrx_word' id='word_1_357' title='bbox 3216 4317 3417 4381; x_wconf 89' lang='lat' dir='ltr'>super</span> <span class='ocrx_word' id='word_1_358' title='bbox 3451 4297 3732 4364; x_wconf 79' lang='lat' dir='ltr'>cadaver</span> <span class='ocrx_word' id='word_1_359' title='bbox 3760 4298 4051 4381; x_wconf 87' lang='lat' dir='ltr'>impellit</span> <span class='ocrx_word' id='word_1_360' title='bbox 4082 4299 4167 4381; x_wconf 82' lang='lat' dir='ltr'>d).</span> <span class='ocrx_word' id='word_1_361' title='bbox 4225 4290 4382 4359; x_wconf 87' lang='lat' dir='ltr'>Ferri</span> 
     </span>
    </p>
   </div>
   <div class='ocr_carea' id='block_1_31' title="bbox 1312 4450 4358 4487">
    <p class='ocr_par' dir='ltr' id='par_1_34' title="bbox 1312 4450 4358 4487">
     <span class='ocr_line' id='line_1_76' title="bbox 1312 4450 4358 4487; baseline 0.006 -13"><span class='ocrx_word' id='word_1_362' title='bbox 1312 4450 4358 4487; x_wconf 73' lang='lat'><strong>--————-—-—-——-—------———-—-—-——-—-——-.</strong></span> 
     </span>
    </p>
   </div>
   <div class='ocr_carea' id='block_1_32' title="bbox 1311 4538 2435 4706">
    <p class='ocr_par' dir='ltr' id='par_1_35' title="bbox 1311 4538 2435 4706">
     <span class='ocr_line' id='line_1_77' title="bbox 1387 4538 2435 4617; baseline -0.002 -18"><span class='ocrx_word' id='word_1_363' title='bbox 1387 4548 1450 4614; x_wconf 86' lang='lat' dir='ltr'>a)</span> <span class='ocrx_word' id='word_1_364' title='bbox 1509 4539 1835 4617; x_wconf 79' lang='lat' dir='ltr'>Capitolia.</span> <span class='ocrx_word' id='word_1_365' title='bbox 1886 4541 1949 4596; x_wconf 88' lang='lat' dir='ltr'>in</span> <span class='ocrx_word' id='word_1_366' title='bbox 1990 4538 2208 4597; x_wconf 89' lang='lat' dir='ltr'>Albino</span> <span class='ocrx_word' id='word_1_367' title='bbox 2260 4559 2309 4598; x_wconf 85' lang='lat' dir='ltr'>c.</span> <span class='ocrx_word' id='word_1_368' title='bbox 2349 4554 2435 4601; x_wconf 86' lang='lat'>10.</span> 
     </span>
     <span class='ocr_line' id='line_1_78' title="bbox 1311 4627 2067 4706; baseline -0.011 -15"><span class='ocrx_word' id='word_1_369' title='bbox 1311 4638 1370 4706; x_wconf 86' lang='lat' dir='ltr'>c)</span> <span class='ocrx_word' id='word_1_370' title='bbox 1412 4632 1525 4692; x_wconf 73' lang='lat' dir='ltr'>Dio</span> <span class='ocrx_word' id='word_1_371' title='bbox 1558 4631 1627 4692; x_wconf 83' lang='lat'>1..</span> <span class='ocrx_word' id='word_1_372' title='bbox 1657 4627 1890 4692; x_wconf 82' lang='lat' dir='ltr'>LXXV.</span> <span class='ocrx_word' id='word_1_373' title='bbox 1933 4633 1981 4703; x_wconf 83' lang='lat'>§·</span> <span class='ocrx_word' id='word_1_374' title='bbox 2013 4636 2067 4689; x_wconf 74' lang='lat'>4.</span> 
     </span>
    </p>
   </div>
   <div class='ocr_carea' id='block_1_33' title="bbox 2216 4539 4376 4709">
    <p class='ocr_par' dir='ltr' id='par_1_36' title="bbox 2216 4539 4376 4709">
     <span class='ocr_line' id='line_1_79' title="bbox 2655 4539 4376 4621; baseline -0.001 -24"><span class='ocrx_word' id='word_1_375' title='bbox 2655 4540 2723 4613; x_wconf 81' lang='lat' dir='ltr'>b)</span> <span class='ocrx_word' id='word_1_376' title='bbox 2776 4541 3099 4602; x_wconf 85' lang='lat' dir='ltr'>Herodian.</span> <span class='ocrx_word' id='word_1_377' title='bbox 3162 4541 3226 4597; x_wconf 91' lang='lat' dir='ltr'>in</span> <span class='ocrx_word' id='word_1_378' title='bbox 3272 4543 3490 4600; x_wconf 84' lang='lat' dir='ltr'>Severo</span> <span class='ocrx_word' id='word_1_379' title='bbox 3539 4552 3757 4620; x_wconf 39' lang='lat' dir='ltr'>p.1513.</span> <span class='ocrx_word' id='word_1_380' title='bbox 3799 4539 4120 4621; x_wconf 75' lang='lat' dir='ltr'>Capitolia.</span> <span class='ocrx_word' id='word_1_381' title='bbox 4160 4551 4276 4604; x_wconf 64' lang='grc' dir='ltr'>αὖ.</span> <span class='ocrx_word' id='word_1_382' title='bbox 4310 4547 4376 4595; x_wconf 84' lang='lat' dir='ltr'>to·</span> 
     </span>
     <span class='ocr_line' id='line_1_80' title="bbox 2216 4626 3567 4709; baseline 0.005 -24"><span class='ocrx_word' id='word_1_383' title='bbox 2216 4626 2285 4703; x_wconf 89' lang='lat' dir='ltr'>d)</span> <span class='ocrx_word' id='word_1_384' title='bbox 2319 4629 2647 4691; x_wconf 83' lang='lat' dir='ltr'>Herodian.</span> <span class='ocrx_word' id='word_1_385' title='bbox 2690 4632 2989 4709; x_wconf 80' lang='lat' dir='ltr'>spartian.</span> <span class='ocrx_word' id='word_1_386' title='bbox 3032 4632 3095 4690; x_wconf 92' lang='lat' dir='ltr'>in</span> <span class='ocrx_word' id='word_1_387' title='bbox 3134 4631 3351 4692; x_wconf 79' lang='lat' dir='ltr'>Severo</span> <span class='ocrx_word' id='word_1_388' title='bbox 3391 4651 3423 4692; x_wconf 91' lang='lat' dir='ltr'>c</span> <span class='ocrx_word' id='word_1_389' title='bbox 3483 4645 3567 4693; x_wconf 80' lang='lat' dir='ltr'>u.</span> 
     </span>
    </p>
   </div>
  </div>
 </body>
</html>
