4652 5937
1301 491 1439 556 158

1295 653 1735 720 Hierusalem.
1779 652 2042 717 Etvero
2057 647 2488 714 Palaestinam
2509 650 2793 711 Pescen·

1295 761 1406 838 nio
1450 778 1608 842 prae
1651 757 1900 819 Severo
1940 754 2218 828 favisse,
2282 750 2387 812 his
2424 749 2644 812 verbis
2696 762 2790 811 te-

1177 909 1180 912 ,
1298 874 1505 920 statur
1538 859 1917 941 Spartianus
1952 855 2044 935 ⁸)=
2106 855 2561 933 Neapolitanis
2592 854 2788 914 etiam

1296 963 1885 1028 Palaestinensibus
1902 962 2024 1035 jus
2055 957 2343 1016 civitatis
2377 956 2562 1029 tulit,
2617 955 2792 1035 quod

1281 1084 1401 1141 pro
1435 1066 1642 1141 Niyro
1675 1065 1788 1121 diu
1818 1064 1888 1120 in
1922 1060 2121 1119 armis
2142 1060 2447 1136 fuerant,
2492 1053 2788 1139 loquitur

1291 1176 1509 1224 autem
1578 1161 1668 1222 de
1711 1162 1981 1222 Severo.
2092 1159 2182 1219 Et
2240 1155 2415 1218 idem
2443 1237 2449 1244 .
2477 1154 2647 1217 infra
2679 1156 2783 1235 ¹’):

1289 1268 1679 1326 Palaestinis
1687 1284 1964 1344 poenam
1988 1263 2268 1337 remisit,
2314 1279 2507 1345 quam
2537 1261 2616 1321 ob
2633 1278 2786 1320 cau-
2860 1297 2865 1304 a

1283 1387 1422 1427 sam
1452 1370 1646 1448 Niqn·
1674 1374 2056 1428 meruerant.

1758 1587 1960 1650 Numi
2000 1586 2278 1665 suspecti
2297 1626 2313 1643 .

1500 1767 1720 1833 ATT.
1739 1760 1994 1831 ΚΑΙΣ.
2012 1766 2094 1829 Κ.
2115 1756 2773 1827 ΠΕΣΚΕΝΝῙΟΣ.

1506 1863 1939 1930 ΝΙΓΕΡΟΣ.
2007 1866 2213 1931 ΣΕΒ.
2280 1871 2363 1932 In
2396 1869 2574 1930 alio:
2646 1863 2776 1926 Nl-

1505 1964 1865 2034 ΙῈΡΩΣ.
1926 1974 2130 2051 Caput
2160 1973 2544 2033 laureatum.

1272 2068 1875 2136 ΑΝΤΙΟΧΕΩΝ.
1943 2067 2495 2136 ΝΕΟΚΟΡΩΝ.
2592 2074 2769 2134 Ceres

1270 2187 1452 2237 stans
1482 2178 1551 2238 d.
1585 2179 1830 2253 spicas,
1860 2196 1910 2234 s.
1919 2178 2166 2254 facem,
2196 2197 2316 2255 pro
2341 2178 2609 2254 pedibus
2642 2196 2770 2237 ser·

1263 2298 1444 2358 pem.
1488 2273 2008 2338 AE.max.mod.
2057 2278 2257 2350 (Mus.
2279 2274 2548 2337 Farnes.
2589 2276 2767 2343 '1'.V.

1267 2378 1399 2441 tab.
1447 2378 1541 2440 18.
1575 2380 1987 2460 Havercamp
2024 2375 2105 2438 ad
2143 2376 2455 2439 Orosium
2487 2399 2550 2460 p.
2584 2375 2762 2457 501.)

1394 2477 1538 2539 Nisi
1562 2475 1864 2539 Pedrusii
1887 2521 1903 2552 ,
1970 2490 2037 2539 et
2069 2478 2509 2561 Havercampi
2543 2491 2764 2541 aucto-

1149 2589 1166 2594 ·
1261 2578 1422 2639 ritas
1490 2578 1726 2641 horum
1782 2598 2132 2642 numorum
2175 2576 2375 2641 fidem
2440 2592 2760 2651 tueretur,

1264 2699 1506 2763 operae
1540 2667 1826 2763 pretium
1857 2680 2068 2744 visum
2100 2701 2230 2742 non
2268 2694 2479 2755 esset,
2527 2700 2758 2742 eorum

1260 2780 1366 2843 vel
1410 2780 1805 2843 meminisse.
1893 2780 2081 2842 Adeo
2128 2781 2345 2842 omnia
2396 2794 2755 2844 extremam

1260 2902 1701 2965 παραχαρακτυ
1759 2880 2193 2964 ignorantiam
2259 2894 2604 2943 testantur.
2690 2873 2758 2940 Σ

1260 3003 1384 3065 pro
1425 2984 1476 3045 C
1532 2983 1686 3045 huic
1737 3002 1898 3044 aevo
1950 2983 2144 3065 plane
2192 2982 2611 3058 adversatur,
2693 2994 2762 3044 et

1264 3084 1580 3165 scriptum
1620 3075 2034 3142 NIPEPOE
2060 3126 2075 3153 ,
2123 3095 2269 3156 aut,
2332 3082 2508 3166 quod
2551 3082 2759 3166 magis

1265 3182 1655 3256 absurdum,
1738 3168 2180 3245 ΝΙΓΕΡΩΣ
2236 3202 2361 3266 pro
2421 3176 2756 3245 NIFPOG

1264 3283 1409 3366 quis
1470 3281 1839 3367 adprobet?
1913 3283 2299 3346 Antiochiae
2356 3284 2583 3366 Syriae
2643 3306 2761 3347 nu-

1262 3406 1442 3446 mum
1474 3405 1660 3447 suum
1689 3384 1969 3469 largitur
1984 3387 2343 3449 Pedrusius
2365 3430 2381 3461 ,
2427 3406 2658 3448 verum
2677 3408 2755 3448 an

1262 3486 1430 3550 haec
1465 3508 1748 3572 unquam
1783 3507 2135 3550 neocoram
2165 3507 2234 3548 se
2267 3486 2336 3549 in
2365 3487 2629 3570 copiosa
2643 3507 2758 3548 sua

1260 3601 1525 3651 moneta
1559 3586 1955 3671 profitetur?
1998 3609 2078 3650 an
2123 3588 2238 3649 illa
2288 3609 2571 3671 unquam
2624 3609 2761 3650 ma-

1259 3688 1420 3750 ximi
1456 3688 1746 3764 moduli,
1792 3698 2134 3772 antequam
2157 3687 2415 3750 colonia
2451 3701 2624 3750 esset
2643 3687 2755 3751 ‹le-

1261 3787 1455 3853 ducta
1477 3834 1494 3864 ‚
1542 3788 1871 3873 signavit?
1914 3809 1992 3851 an
2026 3810 2310 3873 unquam
2344 3790 2541 3852 simili
2571 3810 2755 3853 aver·

1265 3908 1377 3954 sae
1411 3903 1568 3974 typo
1603 3912 1717 3952 usa
1739 3934 1757 3966 ,
1804 3909 1971 3973 quae
2009 3903 2226 3952 certos
2259 3911 2447 3967 suos,
2494 3912 2569 3956 ac
2601 3913 2755 3955 con·

1262 4004 1507 4054 stantes
1551 4004 1741 4075 typos
1784 3989 2056 4052 habuit?
2113 3993 2297 4053 Haec
2343 3993 2560 4056 omnia
2616 3995 2752 4057 col·

1259 4093 1433 4155 lecta
1468 4111 1701 4155 numos
1733 4092 1889 4168 hoa,
1949 4091 2071 4155 etsi
2107 4091 2553 4178 cujuscunque
2594 4094 2753 4158 alte-

1257 4194 1397 4256 rius
1442 4194 1723 4277 Augusti
1770 4208 1964 4276 caput
2014 4193 2370 4269 offerrent,
2415 4210 2755 4279 suspectos

1258 4291 1656 4369 redderent,
1713 4293 1782 4354 in
1832 4295 2201 4358 Pescennio
2242 4294 2527 4378 suspicio
2575 4310 2754 4359 tanto

1262 4393 1542 4455 validius
1598 4387 2020 4477 ingravescit.
2076 4395 2494 4459 Praeserrem
2531 4398 2757 4461 Antio-

1265 4493 1481 4557 chiam
1526 4491 1794 4568 Cariae‚
1840 4494 1958 4556 sed
1998 4512 2215 4580 neque
2243 4495 2410 4560 haec
2438 4518 2759 4562 neocora-

2205 456 2963 539 PESCENNIVS
3061 460 3459 544 NIGER.

2902 657 3041 709 tum
3060 647 3276 710 numis
3301 644 3656 729 inscripsit.
3700 644 3787 708 At
3821 645 4008 710 enim
4025 643 4361 707 Farnesiani

2902 749 3083 808 numi
3124 747 3324 811 fidem
3354 749 3485 832 jam
3504 748 3758 811 abunde
3788 748 4089 815 elevavit
4119 748 4366 833 Spanhe·

2904 847 3069 911 mins
3107 864 3373 936 autopta
3403 852 3488 933 c).

3632 952 3670 990 ξ

3185 1049 3404 1118 arr.
3446 996 3528 1118 ἕξ.
3572 1050 3651 1116 Γ.
3703 996 3986 1118 necat.
4044 1047 4368 1115 Ntrroc„

3181 1148 3599 1234 IOTQTOC.
3644 1153 3832 1222 ceB.
3909 1160 4129 1236 Caput
4159 1158 4371 1217 laureo-

3182 1266 3334 1318 tum.

2894 1349 3483 1420 KAICAPGIAC.
3502 1353 4162 1422 PEPMANIKHC.
4186 1359 4369 1418 Dim

2893 1461 3211 1519 venatrix.
3309 1459 3581 1541 (Patin.)
3668 1464 4114 1537 Aesculapius
4202 1472 4372 1522 aleas.

2890 1555 3129 1638 (Liebe
3168 1580 3232 1642 p.
3268 1558 3446 1643 3¹7·)
3492 1566 3572 1624 In
3621 1566 3777 1624 aliis
3802 1566 3929 1624 alii
3965 1564 4137 1646 typi.

3015 1656 3253 1744 Ingens
3285 1675 3386 1723 est
3416 1664 3602 1746 copia
3636 1663 4017 1745 spuriorum
4054 1659 4374 1727 Pescennii

2889 1780 3272 1837 numm-um,
3319 1764 3432 1847 qui
3472 1767 3854 1828 Caesaream
3894 1761 4365 1829 Germaniciani

2889 1861 3163 1946 patriam
3193 1865 3656 1928 ementiuntur.
3706 1868 3867 1940 His,
3912 1883 3988 1929 ut
4026 1886 4227 1949 supra
4262 1881 4373 1923 mo-

2892 1963 3039 2041 nui,
3080 1963 3211 2046 jam
3240 1953 3490 2029 'nomen
3526 1964 3919 2030 IOTCTOC
3956 1967 4198 2030 fatale.
4250 1962 4368 2031 Vti-

2884 2086 3040 2149 nam⁴
3071 2075 3336 2143 omnes,
3382 2067 3636 2151 quibos
3667 2089 3902 2130 numos
3936 2067 4368 2153 promulgant,

2883 2167 3163 2231 eandem
3212 2167 3447 2229 Liebei
3494 2169 3601 2230 vel
3654 2169 3721 2230 in
3774 2168 4213 2234 examinando
4246 2165 4367 2226 dili·

2884 2272 3167 2355 gentiam
3192 2314 3210 2346 ,
3256 2269 3363 2332 vel
3398 2272 3464 2329 in
3490 2266 3865 2351 profitendo
3890 2271 4252 2333 candorem
4279 2264 4368 2328 ad·

2879 2373 3171 2452 ferrent,
3249 2371 3363 2456 qui
3412 2370 3759 2434 Pescennii
3814 2393 4134 2445 numum,
4195 2386 4361 2452 quem

2878 2473 3021 2557 ipse
3040 2473 3405 2557 proposuit,
3442 2470 3707 2555 sibiipsi
3745 2471 3957 2535 videri
3981 2484 4361 2555 suspectum,

2880 2574 3226 2638 adfirmare
3298 2593 3431 2635 non
3497 2557 3812 2638 dubitavit
3846 2572 3934 2651 d).
4058 2569 4361 2656 Equidem

2877 2697 2960 2739 ex
3008 2690 3108 2738 tot
3169 2675 3361 2760 hujus
3428 2676 3609 2737 urbis
3669 2675 3883 2738 numis
3952 2661 4361 2754 cumcupitt

2876 2778 3259 2853 Pescennii,
3341 2790 3661 2862 quotquot
3720 2776 3997 2840 viderim
4022 2820 4044 2853 ,
4125 2773 4356 2835 nulium

2877 2881 3095 2967 reperi
3124 2879 3497 2964 genuinum.

3595 2980 3634 3018 a

3809 3024 3847 3061 ᾖ

3160 3077 3377 3143 ATT.
3417 3024 3498 3142 ἧ.
3563 3075 3638 3142 Γ.
3684 3062 3950 3143 neck,
4014 3073 4351 3142 NtrPCC.

3161 3179 3578 3249 IOTCTOC.
3639 3189 3838 3263 Caput
3865 3188 4247 3246 laureatum

2879 3276 3117 3345 ΑΔΡῘ.
3158 3317 3186 3331 -
3216 3315 3239 3330 -
3263 3316 3295 3333 -
3333 3278 3965 3350 KAICAPAtnN.
4006 3273 4349 3344 MHTPO.

2877 3384 3109 3445 Mulier
3137 3390 3345 3463 capite
3391 3376 3665 3451 tumeat&
3696 3391 3919 3450 eedem
3956 3391 4018 3446 a.
4059 3396 4353 3465 patera-2.

2855 3486 3064 3559 juaeta
3095 3510 3288 3571 quam
3322 3499 3453 3552 stat
3467 3493 3772 3554 Fortuna.
3817 3491 3963 3550 ΛΕ.
3993 3489 4086 3551 11.
4135 3482 4347 3569 (Patin-

2871 3585 3070 3648 Numi
3103 3587 3336 3673 impp.)

3154 3693 3351 3754 Alius
3376 3696 3684 3766 =similis‚
3766 3693 3901 3753 nisi
3961 3691 4140 3771 quod
4206 3690 4350 3748 inm

3153 3803 3486 3877 utramque
3521 3798 3797 3875 fianam
3837 3795 4141 3869 scriptum
4186 3806 4353 3870 prae·

3150 3903 3325 3955 terea
3376 3884 3930 3957 KGNNATAN.
3999 3892 4137 3951 ΑΕ.
4178 3892 4349 3951 “max-

3148 3992 3327 4057 mod.
3376 3995 3596 4070 (Patin
3646 3993 3845 4055 Thes.
3884 4013 3949 4076 p.
3994 3991 4170 4068 180.)

2995 4090 3332 4189 Quidquid
3353 4096 3436 4156 sit
3480 4095 3561 4156 de
3581 4091 3711 4154 fide
3730 4086 3965 4156 borum
3994 4108 4349 4161 numorumv

2871 4214 3065 4279 quam
3134 4209 3315 4258 certe
3383 4196 3597 4258 minus
3661 4192 3913 4255 firmam
3970 4193 4347 4259 vocabulum

2870 4293 3263 4359 IOTCTOC
3331 4297 3524 4371 facit,
3585 4293 3755 4357 istud
3813 4307 4068 4357 certum
4137 4306 4347 4358 contra

2869 4398 3168 4462 Patinum
3193 4443 3209 4474 ,
3297 4418 3414 4461 eos
3480 4399 3837 4460 Caesareae
3908 4392 4346 4459 Germanicia·

2868 4520 3016 4564 esse
3046 4520 3178 4563 non
3213 4520 3443 4583 posse,
3499 4518 3666 4584 quae
3706 4516 3921 4581 neque
3960 4500 4349 4559 Hadriam

1271 4648 4348 4685 w

1335 4740 1396 4817 a)
1436 4732 1498 4794 in
1538 4698 1757 4794 'Serere
1795 4754 1924 4813 cap.
1953 4748 2008 4809 9.

2156 4735 2227 4813 b)
2269 4712 2418 4816 ea'p.
2451 4746 2565 4802 αι.-
2668 4724 2752 4815 '03
2792 4742 2959 4815 rom.
2988 4738 3058 4800 11.
3099 4762 3160 4819 p.
3194 4749 3318 4804 ατη.

3471 4739 3539 4814 d)
3581 4697 3638 4800 l..
3658 4761 3707 4804 e.
