4652 5937
1174 387 1193 395 ’
1259 390 1357 467 36

1236 589 1484 633 annum
1544 564 1807 631 differt..¹
1869 563 2003 643 Sed
2041 583 2126 626 en
2153 582 2423 635 numum
2459 562 2744 647 singula-

1232 689 1382 736 rem
1403 714 1420 746 ,
1467 668 1578 753 qui
1618 665 1978 729 sententiae
2011 664 2165 726 huic
2192 675 2538 745 repugnat.

1525 768 2058 834 ANTONINVS.
2078 765 2276 831 AVG.
2320 765 2540 830 PIVS.
2569 767 2642 830 P.
2663 768 2737 827 Ρ.

1521 872 1697 932 ΙΜΡ.
1736 868 1931 933 COS.
1998 872 2198 944 Caput
2230 868 2494 928 nudum.

1244 975 1405 1035 Sine
1461 975 1822 1053 epiqraplse.
1890 972 2126 1033 Mulier
2167 968 2412 1051 grypho
2453 973 2740 1033 currem

1228 1077 1549 1136 Insidens.
1631 1074 1767 1134 ΑΕ.
1801 1091 1968 1134 max.
1995 1069 2171 1131 mod.

1363 1154 1653 1235 Numam
1680 1172 1853 1235 hunc
1893 1171 2241 1254 Vignolius
2263 1191 2354 1234 ex
2383 1193 2614 1236 museo
2632 1174 2742 1237 Fi-

1210 1276 1493 1340 nem-onii
1543 1275 1939 1337 delineatum
1998 1272 2161 1336 stitit
2188 1277 2290 1355 ¹),
2354 1274 2466 1358 qui
2525 1275 2580 1336 si
2613 1277 2739 1336 sin·

1226 1397 1427 1441 cerus
1460 1391 1599 1453 est,
1642 1388 1755 1438 aut
1779 1375 1905 1437 rite
1949 1374 2433 1459 promulgatus,
2478 1374 2735 1458 liquido

1238 1478 1582 1559 probabit,
1648 1476 2047 1543 Antoninum
2094 1477 2224 1557 jam
2276 1476 2345 1536 in
2393 1478 2736 1539 consulatu

1240 1583 1330 1653 1..
1409 1570 1603 1663 atque
1673 1576 1836 1639 adeo
1890 1596 2056 1637 anno
2093 1578 2175 1643 V.
2225 1575 2300 1639 C.
2360 1577 2477 1657 8q1
2537 1577 2740 1661 patris

1233 1682 1483 1766 patriae
1540 1679 1742 1743 decus
1789 1677 2175 1761 suscepisse.
2261 1677 2395 1739 Sed
2450 1692 2742 1761 praeter·

1224 1803 1429 1865 quam
1482 1779 1661 1863 quod
1691 1791 1918 1841 omnes
1948 1779 2099 1854 alii,
2160 1799 2235 1841 ac
2270 1792 2371 1841 tot
2427 1779 2738 1842 hactenus

1232 1882 1490 1966 reperti
1520 1881 1706 1944 ⁴numi
1750 1893 2154 1965 repugnant,
2201 1880 2313 1964 qui
2361 1881 2540 1944 hunc
2587 1881 2737 1944 titu-

1226 1982 1371 2049 lum
1432 1982 1502 2044 in
1579 1985 1920 2049 consulatu
1979 1984 2028 2043 1.
2057 2004 2061 2009 ·
2089 1995 2467 2049 constanter
2543 1980 2732 2045 omit-

1226 2096 1416 2160 tunt,
1476 2084 1616 2168 ipsa
1663 2085 1890 2169 capitis
1938 2083 2296 2168 epigraphe
2340 2102 2474 2145 non
2505 2082 2730 2146 levem

1222 2199 1343 2251 eut
1394 2186 1668 2263 νοθεκις,
1727 2200 1837 2250 aut
1892 2185 2096 2249 falsae
2161 2184 2466 2247 lectionis
2521 2184 2732 2267 auspi*

1228 2287 1488 2350 cionem
1537 2285 1781 2368 injicit,
1828 2288 1936 2353 cui
1988 2286 2221 2349 similis
2261 2286 2330 2346 in
2370 2285 2555 2351 nullo
2594 2307 2732 2350 om-

1226 2389 1409 2450 nium
1459 2410 1777 2451 annorum
1814 2387 2125 2453 Antonini
2192 2408 2429 2463 numo,
2486 2387 2727 2451 nedum

1224 2484 1607 2553 consulatus
1640 2492 1688 2550 1.
1725 2490 2034 2553 occurrit.
2102 2488 2274 2551 Satis
2310 2508 2566 2565 causae,
2612 2511 2733 2554 our

1219 2613 1401 2656 novo
1435 2591 1718 2655 examini
1753 2613 1986 2653 numus
2031 2591 2176 2666 hic,
2242 2590 2295 2653 si
2340 2592 2583 2653 alicubi
2619 2613 2730 2654 ex-

1218 2708 1389 2769 stat,
1454 2708 1788 2757 mereatur
1839 2693 2093 2777 subjici.
2177 2693 2362 2753 Sitne
2418 2693 2727 2770 Oeconis,

1224 2787 1403 2856 hunc
1437 2793 1757 2856 honorem
1794 2794 1923 2879 jain,
1972 2794 2187 2876 primo
2218 2793 2365 2876 ejus
2404 2813 2571 2856 anno
2621 2794 2730 2857 ad-

1228 2891 1575 2979 fingenfis,
1623 2894 1976 2957 auctoritas
2041 2895 2241 2971 tanti,
2288 2909 2363 2958 ut
2399 2895 2542 2977 ejus
2585 2916 2729 2957 sen-

1221 2996 1473 3081 tentiae
1506 2996 2048 3066 subscribendum
2076 2997 2393 3061 continuo
2446 2997 2570 3078 sit,
2615 2998 2727 3060 alii

1228 3094 1539 3162 viderint.

1862 3307 2090 3366 Pius.

1350 3502 1532 3565 Alias
1592 3502 1703 3565 alii
1750 3523 1835 3566 ex
1892 3503 2326 3587 scriptoribus
2384 3503 2758 3568 veteribus=

1214 3603 1448 3668 collati
1492 3602 1687 3685 hujus
1744 3605 1919 3668 tituli
1969 3625 2193 3668 causas
2248 3603 2585 3680 adferunt,
2637 3618 2725 3683 ‚et

1220 3718 1358 3770 tres
1387 3704 1654 3788 quidem
1688 3705 1798 3768 vel
1837 3707 2004 3767 unus
2038 3705 2416 3790 Spartianus
2446 3702 2534 3787 ¹²),
2582 3708 2720 3771 sive

1220 3806 1400 3893 quod
1440 3825 1746 3869 socerum
1796 3805 2044 3870 fessum
2092 3821 2305 3871 aetate
2329 3830 2524 3872 mann
2574 3810 2722 3872 sub·

1215 3908 1496 3986 levavit,
1566 3909 1704 3972 sive
1750 3909 1929 3994 quod
1966 3910 2209 3973 multos
2251 3926 2588 3975 senatores
2636 3913 2720 3977 ab

1217 4012 1552 4075 Hadriano
1576 4010 1644 4073 in
1675 3999 1967 4075 extrema
1981 4013 2356 4077 valetudine
2389 4015 2471 4078 ad
2488 4035 2720 4078 necem

1212 4114 1548 4197 quaesitos
1605 4114 1798 4196 hujus
1855 4113 2067 4176 furori
2125 4114 2513 4198 eripuisset,
2581 4116 2720 4179 sive

1213 4214 1419 4297 quod-
1448 4211 1783 4277 Hadriano
1832 4231 1984 4298 post
2028 4237 2368 4280 excessum
2415 4216 2720 4302 ingentes
2742 4235 2756 4252 ··

1101 4405 1105 4410 .
1216 4313 1507 4377 honores
1548 4312 1809 4378 detulit.
1853 4316 2041 4410 Quae
2079 4316 2347 4402 quidem
2388 4331 2719 4402 postrema

1327 4565 1389 4636 a)
1433 4561 1508 4619 de
1542 4558 1814 4620 Column.
1846 4563 1981 4618 Ant.
2014 4562 2183 4638 p.61.

1212 4653 1275 4711 1..
1297 4651 1339 4710 1.
1367 4672 1414 4711 c.
1448 4660 1539 4714 28.
1575 4673 1581 4678 ·

2293 4560 2363 4634 b)
2416 4561 2479 4619 in
2506 4560 2836 4620 Hadriano.

1687 4653 1747 4724 e)
1788 4651 1923 4727 Pag.
1950 4651 2079 4716 632.
2108 4664 2173 4710 1.
2205 4653 2421 4717 et‘6w.
2447 4661 2506 4712 '1.
2593 4729 2602 4740 ἱ
2655 4653 2709 4726 s)
2753 4653 2815 4713 in
2851 4655 3168 4717 Antonino.

2237 372 2977 454 ANTONINVS
3075 375 3384 456 PIVS.

2852 563 3070 634 causa}
3114 581 3240 623 una
3298 581 3383 623 ex
3442 558 3811 643 potioribus
3894 559 4140 640 fuerit3
4205 584 4376 625 nam

2858 662 3071 745 ipsum
3149 674 3484 725 certamen
3560 661 4076 747 quinquennale,
4172 647 4378 747 qnod

2856 764 3034 827 idem
3090 762 3466 845 Spartianus
3517 764 3596 827 ab
3642 763 3974 826 Antonino
4028 766 4098 826 in
4148 763 4382 828 bono-

2855 886 3002 952 rem¹
3037 864 3240 947 patris
3288 864 3532 926 mortui
3582 865 3876 928 Puteolis
3921 866 4377 929 constitutum

2852 966 3067 1031 refert
3095 967 3191 1046 0),
3247 969 3469 1028 Pialia
3538 966 3785 1030 dictum
3836 979 3973 1043 est,
4015 981 4091 1029 ut
4124 967 4382 1051 prodit

2854 1067 3349 1144 Artemidorus,
3408 1069 3522 1150 qui
3564 1083 3885 1130 memorat
3928 1061 4243 1143 σταδιεα,
4301 1064 4378 1142 ὃς

2853 1173 3095 1250 μελλων
3116 1167 3540 1250 &waes-efflat
3553 1167 3673 1231 ET
3685 1166 4026 1234 ZEBEIA
4039 1193 4124 1231 τοι
4144 1167 4376 1230 inl-ra·

2855 1274 2971 1352 λιᾳ
2991 1268 3277 1353 α’χθεντα
3308 1268 3416 1330 ὑπο
3466 1264 3764 1345 βὀισιλεως
3801 1258 4096 1332 Av‘wvm
4141 1270 4249 1332 ἐπι
4289 1295 4394 1353 τῳ

2852 1366 3380 1451 πατριΑδριεινῳ,
3419 1383 3811 1447 certatorem,
3845 1378 3958 1456 qui
3976 1395 4377 1455 ,πορν-θεησ-

2853 1496 2964 1535 rus
2987 1485 3129 1535 erat
3158 1478 3228 1535 in
3262 1476 3701 1549 PIALIBVS‚
3747 1496 3913 1558 quae
3938 1478 4009 1535 in
4040 1478 4253 1536 Itah‘a
4275 1480 4377 1537 ab

2853 1579 3235 1653 Imperatore
3251 1580 3577 1639 Antonino
3595 1580 3665 1637 in
3680 1581 3975 1639 honorem
3985 1580 4196 1654 patris
4215 1580 4373 1638 Ha·

2855 1681 3076 1738 driam'
3124 1688 3275 1739 acta
3320 1690 3469 1741 sunt
3497 1675 3601 1758 ἃ),
3658 1697 3823 1762 quae
3872 1678 4012 1760 ipsa
4061 1676 4128 1737 in
4175 1677 4374 1741 binis

2853 1781 3291 1842 marmoribus
3347 1779 3519 1862 apud
3572 1772 3998 1841 Muratorium
4032 1778 4088 1857 θ)
4121 1776 4372 1842 dicun-

2853 1893 2964 1941 tur
3039 1876 3528 1945 ΕΤΣΕΒΕΙΑ.
3582 1879 3730 1941 ΕΝ.
3797 1873 4367 1956 ΠΟΤΙΟΛΟΙΣ,

2850 1984 3073 2044 Ρίαίία
3104 1985 3409 2044 ΡαίοόΙίε.
3448 1981 3729 2044 Easdem
3752 1981 3976 2046 collati
3995 1980 4131 2064 ejus
4169 1981 4367 2045 tituli

2852 2104 3114 2160 causas,
3161 2103 3319 2168 quas
3354 2102 3439 2144 ex
3480 2083 3823 2164 Spartiano
3861 2080 4199 2159 dedimus,
4241 2104 4371 2146 re-

2848 2185 3015 2267 petit
3047 2185 3450 2270 Capitolinus
3499 2181 3548 2263 s)
3595 2182 3903 2269 additque
3938 2183 4120 2246 binas
4160 2185 4359 2260 alias,

2850 2284 2958 2347 vel
2993 2286 3171 2370 quod
3204 2288 3637 2361 Hadrianum,
3684 2306 3834 2349 cum
3869 2285 3926 2347 is
3964 2285 4360 2348 interimere

2852 2407 2923 2450 se
2987 2408 3145 2471 prae
3225 2388 3395 2450 vitae
3450 2387 3669 2450 taedio
3720 2400 4015 2470 pararet,
4091 2387 4360 2472 ingenti

2852 2489 3152 2575 custodia·
3168 2491 3390 2573 sepsit,
3418 2509 3502 2550 ne
3526 2485 3857 2572 perficere
3889 2501 4130 2572 posset,
4162 2489 4357 2571 quod

2845 2590 3065 2653 animo
3133 2603 3564 2675 conceperat,
3629 2590 3736 2652 vel
3787 2589 4099 2674 denique,
4161 2589 4354 2674 quod

2845 2711 3005 2755 vere
3044 2705 3274 2753 natura
3311 2691 3881 2767 elementissimus,
3919 2705 3983 2753 et
4001 2691 4163 2759 nihil
4182 2705 4362 2753 tem·

2843 2794 3115 2877 poribus
3167 2795 3298 2854 suis
3368 2813 3672 2877 asperum
3727 2790 3906 2855 fecit.
4001 2781 4355 2856 Postrema

2839 2892 3008 2957 'haec
3061 2915 3252 2957 causa
3304 2894 3577 2979 probata
3628 2892 3751 2954 fuit
3783 2895 3874 2956 M.
3904 2894 4214 2974 Aurelio,
4270 2898 4353 2959 in

2845 2994 3122 3078 epistola
3158 2995 3239 3059 ad
3278 2997 3690 3071 Faustinam,
3738 3017 3902 3079 quae
3937 3012 4148 3061 exstat
4165 2999 4347 3083 apud

2840 3097 3214 3162 Vulcatium
3289 3097 3359 3158 in
3432 3098 3564 3161 vita
3641 3098 3862 3163 Avidii
3922 3101 4128 3162 Cassii
4149 3109 4184 3177 ,'
4243 3102 4343 3164 sic

2842 3197 3186 3260 scribenti:
3230 3202 3388 3261 llaec
3431 3200 3855 3281 (Clementia)
3883 3213 4135 3280 patrem
4159 3214 4336 3265 tuam

2843 3302 3143 3378 inprimis
3181 3303 3311 3362 PII
3335 3306 3591 3364 nomine
3620 3308 3896 3367 ornavit.
3942 3304 4156 3366 Aliam
4194 3304 4349 3366 illu·

2833 3412 3044 3463 strem
3095 3420 3374 3468 ‚eausam
3435 3419 3916 3470 commemorat
3988 3406 4339 3469 Pausanias

2842 3501 3288 3581 synchronus,
3331 3505 3507 3588 quod
3550 3507 3764 3570 cultus
3799 3507 4001 3572 divini
4041 3507 4329 3574 omnium

2839 3618 3014 3668 esset
3051 3608 3330 3672 maxime
3362 3606 3689 3672 studiosus
3722 3609 3811 3689 Β).
3853 3609 4094 3677 Verius
4119 3608 4331 3676 credi·

2839 3704 3094 3785 derim,
3138 3710 3462 3772 illustrem
3515 3710 3618 3772 illi
3661 3710 3836 3774 hunc
3890 3711 4152 3775 titulum
4205 3731 4336 3780 non

2828 3809 2918 3878 „ab
2966 3830 3358 3888 unacsusa,
3403 3813 3521 3874 sed
3556 3811 3635 3875 ab
3673 3813 3973 3876 omnibus
4010 3812 4118 3875 hic
4151 3832 4334 3875 com·

2835 3913 3255 3987 memoratis,
3311 3927 3385 3975 et
3427 3932 3547 3996 per
3577 3915 3937 3997 probatam
3984 3913 4335 3998 multiplici

2837 4012 3195 4095 specimine
3228 4014 3534 4097 pietatem
3560 4015 3765 4077 fuisse
3795 4013 4094 4094 inditum,
4129 4016 4223 4078 sic
4260 4029 4333 4076 ut

2834 4117 2993 4177 Pius
3018 4115 3147 4199 jam
3194 4115 3482 4178 omnium
3527 4137 3644 4179 ore
3687 4131 4068 4194 vocaretur,
4149 4131 4329 4181 antc-

2833 4235 3027 4301 quam
3060 4231 3319 4280 senatus
3354 4220 3724 4282 consultum
3757 4220 4123 4283 accederet.

2961 4322 3051 4382 Et
3065 4340 3227 4383 vero
3262 4321 3570 4384 eximium
3607 4320 3778 4383 istud
3815 4322 3917 4383 Pii
3936 4340 4327 4403 cognomen,

2953 4566 3015 4638 c)
3051 4562 3111 4621 in
3144 4565 3449 4624 Hadriano
3491 4565 3599 4623 sub
3639 4562 3740 4622 fin.
3856 4562 4330 4639 d)·Oneirocrit.

3323 4658 3384 4733 g)
3413 4655 3473 4713 in
3492 4655 3710 4718 Arcad„
3742 4657 3807 4716 L.
3828 4656 3988 4717 Vm.
4019 4676 4066 4715 c.
4085 4665 4175 4722 43.
