4652 5937
1258 444 1977 524 ANTONINVS
2079 450 2377 526 PIVS.

246 629 342 690 A.
584 626 1117 696 Awrommvs,
1147 594 1598 699 Avesmvs
1629 632 1703 693 P.
1722 632 1798 694 P.

596 735 734 794 TR.
778 731 853 790 P.
908 729 1114 791 xlm.
1180 734 1383 809 Caput
1417 735 1795 811 Iam-eatam,

593 836 701 894 vel
722 836 959 894 medum
976 877 992 906 ,
1036 834 1108 891 in
1128 834 1275 893 AV.
1298 837 1435 895 AB.
1471 838 1613 896 ΑΕ.
1641 838 1696 896 Ι.

250 936 344 995 Β.
589 935 763 995 ΪΜΡ.
827 933 1067 995 CAES.
1125 936 1205 997 Τ.
1266 933 1464 997 AEL.
1525 935 1839 998 HADRJ*

595 1035 1126 1101 ANTONINVS.
1194 1034 1400 1102 AVG.
1449 1035 1673 1100 PIVS.
1721 1039 1796 1098 Ρ.

588 1138 664 1198 P.
712 1142 914 1216 Caput
957 1141 1321 1200 laureatum
1337 1181 1355 1212 ,
1398 1141 1505 1229 vel
1538 1144 1795 1215 audam,

593 1244 662 1301 in
704 1242 848 1301 AV.
895 1243 1035 1303 AB.
1081 1243 1224 1301 ΑΕ.
1269 1241 1322 1299 Ι.
1367 1241 1457 1301 ΙΙ.

596 1446 679 1503 Vt
719 1445 815 1503 lit.
852 1445 934 1503 A.

263 1541 493 1606 COS.
545 1544 687 1604 1111.
706 1548 911 1606 variis
941 1553 1007 1606 et
1030 1543 1238 1609 obviis
1266 1546 1453 1623 typis.
1501 1541 1638 1609 AV.
1654 1542 1795 1605 AR.
1832 1570 1847 1583 ·

268 1647 427 1707 AE.
487 1645 539 1705 I.

1030 1845 1071 1884 ξ

1198 1889 1333 1927 *72

868 1890 906 1926 ἦ

595 1954 677 2010 Vt
718 1952 816 2010 lit.
857 1953 937 2010 A.

275 2048 744 2113 LAETITIA.
791 2050 983 2112 COS.
1021 2049 1161 2108 1111.
1211 2051 1393 2110 Duae
1417 2052 1669 2131 [ι’-φοινικᾶ
1703 2058 1797 2109 tm

266 2163 523 2232 gatae,
566 2172 837 2235 quarum
869 2173 1001 2212 aaa
1053 2155 1120 2211 d.
1150 2155 1316 2211 duas
1351 2153 1562 2229 spicas
1604 2157 1791 2220 tenet,

275 2258 507 2316 altera
523 2255 1075 2333 sinistraylobum.
1102 2252 1238 2319 AV.
1258 2248 1337 2330 ⁸·).
1371 2252 1440 2311 In
1461 2250 1596 2343 aliq
1611 2270 1627 2309 ε
1660 2253 1796 2309 Mu-

277 2360 415 2418 11‘er
436 2367 621 2417 stans
650 2359 712 2416 d.
754 2358 997 2433 spicas,
1032 2375 1085 2417 s.
1113 2373 1370 2432 pomum
1394 2397 1409 2427 ,
1458 2356 1796 2431 caeq'nsyre-

278 2462 494 2519 mium
518 2460 774 2536 puellus
806 2458 1225 2532 amplectitur.
1270 2455 1411 2519 AV.
1461 2451 1550 2530 b).

418 2558 770 2641 Ingeniosa
808 2572 907 2620 est
954 2557 1303 2639 explicatio
1356 2556 1437 2617 el.
1470 2552 1788 2628 visconti,

283 2660 405 2744 qui
434 2659 505 2719 in
547 2680 745 2721 numo
778 2659 1004 2743 peiore
1030 2646 1341 2719 Cererem
1364 2655 1578 2730 videt,
1624 2675 1790 2739 quae

282 2775 629 2844 repertam
675 2760 842 2842 apud
896 2759 1147 2820 inferos
1207 2756 1407 2819 filiam
1452 2756 1792 2839 Proserpi·

283 2883 443 2923 nam
477 2860 735 2925 reducit
780 2862 867 2942 ⁰).
912 2860 1090 2922 Istud
1116 2860 1172 2921 si
1203 2880 1456 2935 verum,
1492 2856 1580 2932 id,
1614 2855 1791 2940 quod

283 2963 692 3047 Proserpina
736 2985 957 3032 manu,
990 2960 1248 3024 sinistra
1299 2959 1590 3042 stringit,
1656 2980 1789 3020 non

287 3065 422 3130 erit
462 3064 735 3150 globus,
785 3078 856 3125 ut
902 3064 1115 3126 visum
1157 3061 1622 3136 MediobarbO,
1670 3060 1788 3122 sed

285 3166 542 3227 malum
584 3164 939 3239 Punicum,
986 3163 1171 3245 cujus
1222 3183 1372 3224 esus
1419 3162 1579 3224 deae
1630 3162 1789 3225 fata-

286 3266 377 3334 lis
416 3266 577 3343 fuit,
641 3280 714 3328 ut
754 3264 965 3327 refert
1011 3262 1289 3328 Ovidius
1332 3261 1432 3344 d),
1482 3278 1787 3348 essetque

291 3368 462 3430 adeo
536 3368 755 3452 imago
821 3367 987 3430 haec
1047 3365 1377 3429 celebrata
1433 3366 1785 3428 Praxitelis

284 3487 655 3554 ααταιγυσιι,
715 3468 1027 3558 nimirum
1072 3469 1274 3531 Ceres
1321 3465 1784 3550 Proserpinam

292 3571 371 3632 ab
404 3571 637 3635 inferis
670 3571 995 3634 reducens
1042 3573 1098 3651 e)
1120 3616 1137 3646 ,
1195 3569 1437 3630 illustri
1474 3588 1627 3630 sane
1655 3568 1793 3630 lae-

290 3672 471 3735 titiae
521 3684 957 3757 argumento,
993 3671 1251 3755 quando
1297 3670 1488 3732 matri
1536 3666 1791 3733 eontin-

293 3762 469 3857 ge-re’
523 3773 759 3835 laetius
814 3771 980 3833 nihil
1037 3784 1286 3854 potest,
1360 3793 1552 3855 quam
1595 3790 1785 3855 repe-

291 3876 425 3938 rire
461 3874 662 3952 filiam
699 3887 950 3958 raptam
972 3918 989 3949 ,
1037 3887 1104 3935 et
1132 3873 1492 3935 retrahere.
1555 3871 1784 3933 Altera

293 3976 609 4039 sententia
630 3974 753 4036 fuit
773 3973 1030 4049 Oiselii,
1064 3974 1509 4050 existimantis,
1546 3975 1784 4036 utrius-

293 4098 417 4161 que
468 4077 769 4139 mulieris
809 4075 1094 4160 imagine
1128 4076 1408 4159 proponi
1441 4075 1599 4138 «luas
1616 4077 1781 4139 Fau·

294 4179 487 4241 stinas
521 4178 885 4261 Augustas,
932 4190 999 4238 et
1041 4175 1370 4239 seniorem
1404 4176 1667 4261 quidem
1688 4176 1784 4238 in·

294 4293 419 4345 star
479 4280 745 4346 Cereris
803 4300 953 4343 cum
1014 4277 1251 4362 spicis,
1303 4267 1631 4361 juniorem
1685 4277 1782 4338 in-

396 4491 458 4594 ἓ)
478 4519 737 4578 Tristem
769 4523 1093 4578 Commeat.
1138 4518 1274 4578 hist.
1321 4518 1391 4575 T.
1424 4518 1467 4578 1.
1499 4508 1583 4600 pl.
1614 4483 1749 4579 xll.
1782 4519 1968 4581 catal,
2012 4516 2321 4605 d’Ennery*
2345 4537 2408 4595 p.
2442 4524 2564 4580 208.
2599 4469 2854 4574 Meiliob.

1601 4606 1672 4682 d)
1709 4611 1935 4667 Metam.
1966 4609 2032 4666 1..
2068 4607 2142 4665 V.
2180 4627 2236 4664 v.
2265 4617 2396 4670 533.
2428 4625 2551 4682 seq.

1629 4702 1694 4774 g)
1734 4697 1879 4760 nist.
1908 4709 2024 4758 nat.
2053 4695 2213 4755 LV.
2259 4699 2309 4771 ᾖ.
2351 4707 2438 4758 ιο.

224 4657 239 4666 .
296 4614 351 4682 e)
387 4613 533 4670 Mus.
588 4611 717 4669 Pio.
760 4610 946 4670 Clem.
979 4610 1144 4667 Tom.
1186 4610 1231 4670 1.
1268 4630 1331 4688 p.
1363 4619 1451 4682 95.

292 4719 349 4776 p.
388 4713 512 4775 953.
663 4701 717 4775 s)
756 4700 932 4761 Thes.
962 4700 1062 4766 sel.
1103 4719 1261 4758 num.
1300 4717 1360 4776 p.
1390 4705 1517 4767 337.

3305 473 3392 539 21

1914 646 2050 697 star
2088 635 2371 704 Veneris
2409 656 2556 701 cum
2595 634 2794 721 pomo
2840 660 2957 703 suo
3004 635 3082 720 ¹).
3153 643 3403 705 Neuter

1911 736 2016 799 vir
2063 737 2359 800 eruditus
2413 737 2496 801 ad
2542 760 2811 801 numum
2845 741 3158 818 alterum,
3206 764 3402 827 quem

1917 856 1999 899 ex
2060 839 2490 903 Mediobarbo
2542 840 2726 916 dedi,
2787 839 3048 903 reflexit
3094 844 3399 906 animum.

1914 938 1988 1000 In
2041 939 2168 1003 hoc
2219 941 2395 1003 enim
2448 956 2583 1003 non
2629 943 2942 1005 mulieres
2988 943 3219 1022 binae,
3286 948 3406 1009 sed.

1914 1041 2469 1118 unies,·laetitiae
2522 1055 2741 1127 partes
2781 1044 3092 1118 sustinet,
3157 1061 3222 1109 et
3263 1048 3405 1132 qui-

1915 1140 2064 1202 dem
2112 1142 2251 1203 sola
2301 1157 2652 1229 utrumque
2698 1145 3081 1228 praeferens
3131 1148 3404 1210 attribu-

1904 1255 2047 1303 tum
2070 1285 2086 1316 ,
2133 1243 2311 1327 quod
2345 1244 2432 1331 in*
2464 1266 2663 1306 numo
2695 1244 2926 1327 ‘priore
2964 1248 3136 1321 inter
3163 1261 3405 1310 utram-

1908 1361 2038 1426 que
2085 1342 2430 1405 mulierem
2464 1344 2741 1407 divisum
2777 1360 2916 1423 est,
2964 1350 3172 1431 spicas
3213 1350 3407 1412 intel·

1910 1442 2081 1525 ligo,
2146 1457 2213 1506 et
2273 1466 2577 1529 pomum,
2680 1461 2861 1510 certo
2911 1448 3077 1511 adeo
3131 1449 3400 1529 indicio,

1910 1538 2085 1605 idem
2115 1544 2183 1604 in
2214 1548 2495 1630 utroque
2531 1568 2730 1609 numo
2763 1563 3219 1631 argumentum
3246 1573 3403 1615 con·

1834 1708 1841 1711 ,
1902 1644 2136 1719 tineri,
2183 1667 2399 1730 neque
2451 1648 2626 1708 aliud
2670 1648 2912 1711 docere
2961 1653 3273 1715 mulieres
3304 1653 3404 1715 bi-

1901 1766 2051 1821 nas,
2092 1745 2269 1808 aliud
2307 1749 2685 1810 solitariam.
2743 1751 3141 1816 Gravissime
3180 1767 3401 1817 autem

1876 1822 2204 1931 ²peccavit
2247 1848 2572 1925 Oiselius,
2606 1850 2758 1912 dum
2802 1851 2878 1912 in
2900 1850 3216 1915 Antonini
3248 1875 3402 1917 eon·

1875 1950 2121 2010 'sulatu
2168 1951 2310 2025 IV.‚
2360 1972 2553 2033 quem
2590 1974 2824 2014 numus
2870 1968 3222 2030 memorat,
3270 1956 3402 2019 huc

1909 2050 2129 2135 adegit
2160 2051 2532 2113 Faustinam
2571 2035 2937 2129 seniorem‘,
2983 2058 3400 2141 quae’plures

1906 2148 2037 2233 jam
2099 2165 2247 2213 ante
2304 2173 2505 2214 annos
2570 2155 2794 2216 vivere
2852 2156 3078 2232 desiit,
3145 2171 3210 2219 et
3261 2156 3402 2242 ilui-

1912 2253 2063 2313 (lem
2114 2252 2195 2315 ad
2270 2266 2727 2338 argumentum
2792 2259 3151 2334 Laetitiae,
3211 2258 3400 2341 cujus

1911 2354 2227 2415 memoria
2263 2354 2563 2416 tristitiae
2613 2356 2830 2437 potius
2867 2378 3059 2420 eausa
3100 2379 3244 2421 esse
3283 2361 3396 2423 de·

1907 2454 2141 2517 buerat
2187 2454 2422 2515 uxorio
2471 2454 2821 2518 Antonino.
2909 2458 3189 2522 Omissis
3222 2482 3385 2544 ergo

1909 2557 2223 2638 speciosis
2263 2556 2365 2617 his
2424 2556 2852 2639 explicatibus
2905 2562 3394 2643 acquiescamus

1904 2659 1974 2721 in
2045 2656 2330 2740 simplici
2400 2657 2554 2731 illo,
2635 2658 2746 2740 qui
2815 2676 3229 2740 procuratam
3295 2685 3395 2726 ,εχ

1906 2758 2116 2823 omnis
2157 2758 2418 2842 generis
2476 2757 2803 2845 fructuum
2840 2760 3228 2845 abundantia
3261 2765 3395 2827 lae·
3494 2763 3500 2769 ’

1902 2860 2111 2923 titiam
2175 2859 2276 2920 his
2335 2859 2504 2942 typis
2561 2859 2836 2922 indicari
2893 2863 3176 2951 mavult,
3260 2885 3391 2950 quo
3490 2899 3497 2907 ·

1904 2962 2102 3025 modo
2145 2960 2398 3023 Plinius
2454 2980 2652 3043 agens
2689 2959 2768 3023 de
2805 2961 2937 3023 Nili
2968 2962 3390 3029 incrementis

1903 3061 2067 3125 dixit
2101 3081 2361 3146 quoque
2385 3106 2402 3137 ,
2437 3064 2616 3124 XIV.
2634 3066 2850 3125 cubita
2868 3069 3259 3129 hilaritatem
3279 3073 3392 3130 ad·

1890 3167 2095 3244 ferre,
2137 3169 2285 3227 XV.
2325 3167 2747 3239 securitatem,
2795 3155 2973 3227 XVJ.
3004 3170 3273 3229 delicias
3306 3170 3392 3245 8).

1900 3266 2088 3332 Alios
2126 3264 2414 3327 laetitiae
2433 3277 2622 3347 typos
2644 3265 2937 3329 dabimus
2955 3267 3123 3329 infra
3157 3268 3226 3329 in
3255 3290 3391 3332 mo·-

1899 3380 2049 3429 neta
2077 3365 2593 3447 Faustinae—jun.

2026 3470 2209 3530 Haec
2270 3467 2590 3544 Laetitia,
2658 3488 2823 3552 quae
2883 3490 3055 3532 nunc
3102 3470 3386 3554 primum

1899 3568 1968 3630 in
2013 3569 2227 3630 numis
2257 3568 2587 3644 occurrit,
2643 3569 3027 3653 frequenter
3077 3570 3388 3657 deinceps

1899 3685 2201 3734 monetae
2263 3669 2678 3745 inscribitur,
2749 3683 2825 3732 et
2881 3672 3079 3733 variis
3122 3674 3385 3758 quidem

1900 3771 2135 3833 additis
2186 3769 2596 3847 nominibus,
2659 3792 2722 3833 v.
2770 3792 2825 3833 e.
2879 3776 3163 3835 Laetitia
3215 3782 3387 3855 Any.

1897 3905 1982 3918 —-
2045 3876 2412 3951 Temporum
2430 3915 2448 3946 ,
2507 3905 2595 3917 —·-
2643 3877 2907 3935 Publica
2952 3908 3039 3919 —-
3087 3878 3412 3938 Fundam·

1897 3985 2023 4035 ete.
2068 3991 2285 4054 neque
2344 3970 2626 4034 dubitari
2680 3987 2928 4056 potest,
2988 3974 3253 4056 publice
3320 3976 3385 4038 ei

1898 4071 2247 4137 constituta
2279 4071 2483 4133 fuisse
2520 4092 2737 4146 sacra,
2782 4074 2995 4157 qualia
3032 4075 3199 4137 facta
3219 4077 3378 4138 fuis·

1896 4196 1968 4238 se
2016 4172 2413 4237 Iucunditati
2468 4172 2746 4256 legimus
2811 4175 2878 4237 in
2927 4186 3152 4240 vetere
3212 4197 3376 4239 mar·

1895 4293 2082 4337 more
2115 4271 2219 4357 h),

3015 4517 3082 4587 h)
3117 4516 3373 4574 Mediob.

2699 4610 2760 4680 e)
2798 4606 2947 4663 Plin.
2989 4606 3055 4663 L.
3096 4607 3375 4665 XXXIV.

2587 4694 2657 4771 h)
2687 4698 2849 4756 -Mus,
2880 4696 3104 4758 Veron.
3141 4715 3203 4775 p.
3246 4709 3371 4762 177.
