4652 5937
1528 285 2260 404 sA'Lonvs:

325 525 637 608 inquam,
701 538 851 586 eum
912 536 1047 580 non
1105 535 1145 578 a
1201 525 1389 598 patre
1445 511 1823 588 Valeriano,

333 613 461 690 sed
528 625 733 687 fratre
795 619 1100 683 Gallieno
1174 633 1463 679 summos
1537 615 1825 676 honores

335 728 761 800 adsecutum,
832 736 899 785 et
958 719 1222 808 quidem
1288 715 1587 779 Caesaris
1652 716 1828 779 circa

332 850 574 894 annum
619 830 694 889 P.
727 828 809 888 Χ.
839 824 997 896 ebo,
1044 819 1322 903 Augusti
1369 818 1545 880 circa
1589 839 1826 880 annum

328 934 412 993 P.
455 930 538 994 Χ.
586 925 730 1002 264.
817 931 1002 1008 Ergo
1047 905 1254 983 totum
1301 932 1588 1002 tempus,
1653 918 1830 1004 quod

330 1033 476 1096 sive
522 1034 795 1106 Caesar,
859 1029 997 1090 sive
1051 1025 1383 1106 Augustus
1445 1019 1699 1101 exegit,
1761 1020 1827 1080 in

336 1133 628 1199 Gallieni
694 1144 974 1195 aetatem
1036 1124 1227 1191 cadit.
1312 1107 1497 1185 Haec
1559 1121 1613 1183 si
1673 1141 1830 1184 vera

338 1249 527 1310 sunt,
584 1219 784 1295 nemo
827 1219 1009 1304 erit,
1050 1227 1162 1312 qui
1203 1246 1336 1288 non
1382 1224 1462 1287 ab
1508 1224 1649 1304 ejus
1694 1242 1832 1285 mo·

335 1349 493 1399 neta
531 1317 823 1417 ejusdem
864 1329 1127 1415 generis
1164 1342 1352 1409 typos
1392 1325 1647 1408 exigat,
1693 1325 1834 1407 qui·

335 1433 465 1499 bus
508 1437 799 1518 insignes
842 1433 1033 1494 fuere
1076 1429 1258 1491 numi
1290 1426 1576 1509 Gallieni
1612 1425 1835 1488 conle-

342 1558 487 1622 gae.
531 1536 880 1612 Novimus,
934 1545 1123 1597 vetus
1180 1529 1384 1591 fuisse
1440 1526 1830 1601 institutum,

334 1654 413 1704 ut
445 1641 877 1722 imperatores
917 1649 1107 1717 typos
1153 1651 1305 1693 suos
1342 1651 1490 1692 cum
1532 1628 1832 1711 conlegis

331 1741 681 1824 Augustis,
740 1752 849 1801 aut
910 1735 1064 1797 filiis
1110 1731 1497 1795 Caesaribus
1542 1750 1832 1792 commu·

335 1844 671 1916 nicarent,
719 1838 926 1924 quod,
973 1836 1214 1920 quippe
1251 1832 1577 1895 tironibus
1609 1830 1834 1913 cogni·

333 1959 499 2020 tum,
534 1943 856 2024 exemplis
883 1937 1177 2003 stabilire
1209 1933 1633 2017 supersedeo,
1664 1950 1829 2014 quae

333 2047 532 2112 obvia
577 2057 726 2106 sunt
769 2056 919 2106 ante
964 2053 1031 2102 et
1072 2049 1223 2121 post
1258 2033 1543 2096 Gallieni
1575 2053 1830 2099 aevum.

332 2148 656 2211 Novimus
687 2144 907 2217 etiam,
943 2141 1010 2201 in
1047 2139 1351 2200 universa
1380 2132 1665 2196 Gallieni
1696 2153 1833 2193 mo·

332 2261 490 2311 neta
548 2264 727 2320 esse,
784 2255 1094 2326 quantum
1152 2239 1221 2299 in
1264 2235 1511 2298 nullius
1552 2235 1832 2318 impera-

334 2347 539 2425 toris,
583 2345 857 2416 miram,
915 2360 1189 2425 eamque
1233 2360 1364 2400 non
1407 2336 1827 2426 injucundam

334 2463 645 2535 typorum
689 2435 1106 2517 varietatem,
1170 2440 1539 2522 horumque
1584 2437 1827 2509 multos

336 2551 553 2617 adhuc
595 2545 971 2632 incognitos
1012 2559 1388 2623 novosque,
1450 2537 1827 2621 propositos

332 2653 658 2737 majorum
719 2647 1013 2732 gentium
1070 2644 1231 2705 deos
1274 2639 1670 2723 plerosque,
1732 2636 1828 2699 le-

334 2751 602 2842 giones,
645 2751 924 2816 virtutes
962 2758 1087 2808 etc.
1136 2740 1459 2839 Quoniam
1504 2738 1575 2801 id
1619 2757 1825 2822 genus

329 2857 471 2940 typi
530 2874 745 2935 neque
805 2852 872 2915 in
934 2844 1149 2912 numia
1207 2840 1543 2911 Valeriani
1599 2840 1824 2924 patris,

331 2978 551 3044 neque
590 2954 886 3020 Salonini
935 2950 1056 3011 filii
1105 2956 1525 3028 comparent,
1569 2940 1827 3005 indubi-

331 3074 537 3123 tatum
577 3071 712 3131 est,
757 3055 911 3117 illos
944 3065 1095 3135 post
1131 3040 1468 3130 utriusque
1505 3044 1818 3105 miserum

331 3159 538 3225 fatum
594 3153 893 3219 adhiberi
948 3161 1254 3231 coeptos,
1307 3164 1545 3228 nempe
1588 3144 1668 3206 ab
1714 3164 1824 3206 an-

327 3281 419 3324 no
458 3260 542 3328 V.
589 3258 660 3320 C.
708 3254 864 3317 1013
909 3255 985 3337 Β.
1029 3252 1115 3310 Χ.
1153 3246 1310 3319 260,
1356 3246 1423 3306 id
1470 3257 1570 3306 est
1613 3243 1693 3306 ab
1737 3262 1820 3307 eo

330 3374 668 3442 tempore,
722 3378 758 3420 a
819 3375 948 3440 quo
992 3352 1331 3416 Gallienus
1375 3346 1645 3409 fratrem
1691 3348 1824 3416 Va-

326 3461 687 3534 lerianum,
733 3469 804 3519 ut
846 3453 1062 3536 ajunt,
1108 3450 1235 3537 sibi
1271 3448 1561 3512 sociavit.
1608 3449 1819 3528 Ergo,

330 3560 626 3646 inquies,
685 3553 1044 3620 verisimile
1100 3564 1232 3625 est,
1292 3549 1566 3611 fratrum
1627 3562 1820 3633 typos

331 3661 479 3727 sore
524 3678 926 3724 communes.
968 3653 1273 3716 Falleris,
1334 3651 1824 3744 Quantumcun-

333 3784 459 3849 que
504 3762 727 3836 voles,
786 3771 987 3820 totam
1031 3752 1367 3824 Valeriani
1411 3752 1549 3815 sive
1595 3753 1823 3814 Caesa·

329 3865 455 3940 ris,
489 3863 627 3926 sive
656 3858 938 3943 Augusti
971 3870 1299 3919 monetam
1329 3854 1638 3927 lustrato,
1675 3851 1822 3912 nul·

331 3965 468 4029 lum
512 3984 595 4026 ex
640 3962 740 4023 his
786 3958 1084 4043 reperies
1119 3956 1349 4030 etiam,
1393 3954 1519 4039 qui
1539 3975 1671 4015 non
1708 3971 1819 4014 ex-

328 4077 532 4131 staret
598 4065 664 4126 in
742 4072 1006 4124 moneta
1064 4056 1398 4156 Valeriani
1457 4040 1696 4140 patris,
1761 4052 1817 4113 si

325 4169 638 4246 prinprt’s
678 4163 1044 4242 ‚iuventutis
1100 4148 1335 4221 numos
1396 4153 1642 4218 demas.
1715 4155 1849 4217 An·

332 4288 463 4330 non
506 4265 615 4330 vel
658 4266 784 4327 hoc
828 4282 960 4325 uno
1005 4261 1418 4333 manifestum
1463 4255 1568 4333 fit,
1623 4257 1820 4325 Vale-2

331 4358 580 4434 rianum
624 4385 756 4425 non
800 4359 1004 4426 fuisse
1048 4366 1361 4426 sociatum
1399 4357 1622 4434 fratri,
1657 4376 1816 4442 quac

330 4468 499 4535 niam
533 4462 707 4529 istud
739 4483 873 4525 non
912 4478 1247 4527 cessarent
1279 4458 1666 4548 praedicare
1686 4480 1817 4555 ¹nu·x

516 4569 705 4656 μοι.
755 4564 931 4646 νη.)

3299 341 3443 427 435

1941 514 2031 577 mi
2064 515 2235 580 intra
2287 538 2489 581 annos
2535 518 2802 581 omnino
2853 532 3001 583 octo
3050 521 3319 605 signati,
3361 509 3437 588 *et

1943 619 2119 702 quod
2159 620 2616 704 consequitur,
2664 622 2833 683 mala
2866 618 3033 697 fide,
3082 643 3247 706 quae
3286 646 3441 687 usu-
3483 667 3484 672 κ

1943 720 2283 802 cepionem
2335 742 2465 782 non
2520 721 2834 796 admittit,
2895 742 3249 807 occupasse
3293 725 3444 788 fun-

1945 820 2099 882 dum
2142 824 2367 906 nepoti
2409 822 2720 886 Salonino
2768 824 2989 908 inique
3040 822 3440 910 ademptum.

1900 921 2135 1006 ,Addo
2189 924 2381 1004 hujus
2429 926 2701 986 naturae
2753 941 3208 1008 argumentum
3264 926 3444 989 aliud

1946 1026 2154 1086 multo
2221 1023 2714 1088 validissimum.
2803 1027 2964 1087 Cum
3037 1026 3168 1090 duo
3243 1028 3442 1091 simul

1945 1123 2133 1186 fuere
2179 1126 2494 1209 Augusti,
2541 1123 2693 1186 inde
2745 1131 2780 1187 'a
2827 1125 3076 1189 Severo
3122 1128 3189 1188 in
3235 1127 3443 1193 omni-

1946 1225 2066 1287 bus
2113 1228 2403 1302 aversis,
2463 1226 2784 1309 siquidem
2848 1227 2970 1290 hae
3028 1228 3289 1311 utrique
3335 1243 3482 1311 ap-'

1946 1326 2180 1422 plicari
2212 1341 2526 1409 potuere,
2567 1328 2768 1390 scribi
2807 1329 3146 1392 consuevit
3177 1327 3447 1395 AVGG.

1946 1450 2069 1509 pro
2102 1429 2304 1494 AVG.
2337 1429 2639 1496 Verum'
2620 1452 2686 1490 ιη
2717 1432 2930 1492 numis
2962 1431 3264 1494 omnibus
3292 1430 3447 1494 Gal-

1926 1529 2141 1603 lieni,
2187 1549 2267 1591 ex
2320 1550 2451 1612 quo
2496 1544 2682 1612 pater
2727 1533 3115 1599 Valerianus
3170 1546 3282 1594 aut
3331 1530 3445 1594 de·-

1949 1632 2191 1706 cessit,
2257 1644 2368 1691 aut
2424 1631 2676 1714 negligi
2730 1634 3050 1716 coepit,
3043 1645 3445 1696 constanter

1946 1732 2149 1796 valuit
2195 1731 2474 1814 simplex
2516 1734 2754 1809 Ave„
2805 1734 2959 1817 quin
3008 1746 3075 1795 et
3114 1733 3183 1795 in
3223 1734 3439 1796 numia

1950 1832 2289 1930 numinum
2348 1834 2648 1895 omnibus
2696 1834 3024 1916 Iuppiter,
3086 1835 3440 1908 Hercules,

1946 1938 2308 2018 Neptunus,
2346 1935 2587 2017 aliique
2624 1934 3176 1997 CONSer-vatores
3203 1933 3442 2010 AVG„

1947 2049 2132 2100 certo
2169 2019 2446 2108 indicio,
2492 2034 2744 2094 nullum
2791 2046 2926 2093 tum
2974 2033 3210 2110 alium,
3252 2054 3442 2119 prae·

1945 2149 2246 2219 terquam
2281 2110 2691 2212 Gallienum,
2740 2133 3030 2217 agnitum
3074 2132 3279 2198 fuisse
3310 2138 3444 2198 Au·

1945 2252 2229 2322 gustum.

2070 2342 2222 2403 Non
2266 2336 2482 2399 minus
2509 2350 2720 2420 urget
2775 2350 3229 2419 argumentum
3276 2337 3441 2402 alte·

1941 2462 2088 2504 rum
2177 2462 2213 2530 a
2296 2436 2513 2498 numis
2598 2438 3056 2500 Alexandrinis
3133 2439 3436 2523 petitum.

1944 2543 2154 2634 Quam
2202 2536 2430 2600 sedula
2476 2535 2603 2599 hoc
2641 2558 2802 2600 aevo
2848 2541 3193 2655 Aegyptus
3227 2539 3435 2604 fuerit

1940 2642 2008 2703 in
2070 2636 2431 2702 dedicanda
2491 2629 2896 2722 principibus
2956 2642 3090 2703 suis
3149 2655 3435 2717 moneta,

1937 2755 2181 2806 norunt
2234 2757 2459 2802 musea
2516 2739 2750 2801 omnia.
2795 2743 3007 2825 Atque
3052 2742 3163 2805 hic
3214 2744 3476 2807 adfec··

1938 2857 2045 2905 tus
2097 2863 2231 2905 non
2277 2839 2360 2903 ad
2406 2840 2584 2902 solos
2635 2853 2886 2904 tantum
2942 2845 3273 2926 Augustos
3327 2861 3499 2908 va-J

1937 2944 2098 3022 luit,
2144 2942 2265 3008 sed
2314 2943 2627 3008 Caesares
2680 2943 2915 3019 etiam,
2961 2956 3027 3006 et
3078 2944 3251 3027 ipsas
3303 2945 3436 3009 Au-

1937 3060 2179 3129 gustas.
2227 3045 2428 3110 obvii
2475 3065 2638 3127 ergo
2683 3058 2834 3128 sunt
2875 3045 3056 3107 nu‘nri
3095 3047 3433 3110 Valeriani

1938 3146 2218 3209 senioris
2262 3159 2330 3207 et
2374 3146 2700 3219 Gallieni,
2760 3146 2915 3228 quin
2962 3158 3029 3208 et
3078 3148 3432 3214 Saloninae

1935 3266 2058 3330 per
2103 3264 2333 3308 omnes
2375 3245 2521 3307 fere
2566 3264 2768 3306 annos
2811 3245 2952 3310 XV.
2971 3289 2987 3320 ,
3034 3248 3269 3330 quibus
3316 3250 3434 3313 im..

1878 3360 1881 3363 ’
1936 3345 2191 3428 pelavit
2249 3344 2557 3421 maritus,
2620 3343 3059 3406 continuatam
3112 3346 3430 3413 habemus

1931 3457 2286 3510 monetam.
2345 3443 2640 3506 Salonini
2696 3445 2913 3522 numi,
2986 3460 3086 3513 ut
3118 3448 3424 3527 vidimus,

1930 3558 2189 3609 exstant
2243 3560 2526 3631 quatuor
2593 3546 2791 3610 variis
2864 3548 3047 3609 annis
3107 3549 3420 3635 insignes.

1930 3647 2355 3723 successoris
2385 3648 2642 3712 Claudii
2673 3648 2855 3711 numi
2887 3649 2956 3710 in
2991 3648 3112 3714 hac
3148 3652 3425 3736 regione

1935 3748 2210 3832 signati,
2257 3749 2383 3811 etsi
2431 3749 2635 3813 breve
2683 3748 2808 3814 fuit
2857 3750 3000 3834 ejus
3048 3751 3425 3836 imperium,

1932 3860 2223 3934 propten
2263 3850 2520 3934 copiam
2573 3850 2926 3915 silescunt.
3010 3856 3192 3915 Inter
3261 3853 3427 3919 haec

1931 3950 2078 4034 quis
2109 3950 2235 4011 sibi
2263 3969 2400 4011 non
2428 3950 2883 4033 persuadebit,
2921 3953 3248 4037 parabiles
3277 3973 3426 4018 esse

1932 4172 2114 4227 mos,
2175 4150 2289 4235 qui
2331 4165 2483 4216 octo
2525 4153 2704 4237 ipsos
2748 4174 2949 4216 annos
2993 4175 3111 4217 seu
3155 4156 3429 4236 Caesar,⁸

1932 4272 2051 4314 seu
2110 4252 2445 4333 Augustus
2520 4273 2813 4318 summae
2880 4257 2981 4318 rei
3055 4256 3422 4341 praefuisse

1929 4353 2188 4417 fertur?
2234 4356 2479 4417 Contra
2513 4346 2781 4417 accidit.
2829 4357 3095 4440 Ereptis
3139 4358 3423 4444 imperio

1926 4455 2211 4542 primum
2257 4454 2605 4532 Salonino,
2649 4451 2889 4520 deinde
2925 4458 3276 4524 Valeriano
3319 4478 3422 4533 se·

2883 4559 2912 4620 1
2944 4557 2966 4619 i
2995 4557 3020 4618 i
