4652 5937
1209 511 1354 581 ³02
1848 430 1857 455 χ
2078 444 2085 455 ”
2255 486 2824 565 GORDIANI
2894 490 2952 564 1.
3012 512 3101 566 m-
3156 490 3250 563 11.

1209 681 1360 767 quia
1404 673 1759 741 Maximino
1808 674 1998 737 hoste
2052 672 2339 754 judicato
2378 672 2698 758 deprope-

1210 782 1522 845 rabantur
1557 775 2036 842 Gordianorum
2087 775 2306 852 numi,
2353 795 2567 858 neque
2620 774 2700 836 li·-

1128 876 1137 889 ’
1209 883 1399 945 cebat
1446 879 1825 943 monetariis
1876 898 2064 942 veras
2094 877 2330 940 horum
2377 877 2697 961 imagines

1209 983 1583 1066 exprimere
1606 1024 1623 1055 ‚
1670 1001 1816 1044 cum
1849 980 2074 1063 plures
2100 978 2230 1061 jam
2264 999 2466 1042 annos
2486 981 2697 1041 Roma

1209 1083 1534 1147 abessent.

1330 1188 1418 1256 Vt
1440 1182 1722 1249 Othonis
1747 1196 1815 1245 et
1830 1180 2201 1256 Pescennii,
2234 1180 2321 1243 ita
2352 1179 2693 1266 utriusque

1207 1286 1402 1357 ctiam
1441 1284 1753 1347 Gordiani
1791 1283 2054 1367 copiosa
2087 1281 2415 1344 habentur
2449 1270 2695 1344 numis-

1204 1376 1378 1450 mata
1417 1410 1451 1449 a
1502 1384 1784 1447 falsariis
1843 1385 1924 1447 ad
1971 1398 2157 1448 vetus
2209 1384 2551 1465 exemplar
2597 1383 2691 1445 ef-

1204 1487 1388 1562 ficta,
1453 1510 1489 1550 a
1541 1507 1819 1573 quorum
1870 1483 2103 1548 fraude
2150 1483 2535 1569 cumprimis
2588 1504 2693 1549 ca·

1204 1588 1515 1652 rendum.

1604 1812 1804 1873 Numi
1849 1810 2169 1872 Gordiani
2207 1809 2265 1869 Ι.
2357 1849 2386 1869 x

1483 1993 1665 2055 IMP.
1740 1994 1815 2056 C.
1889 1992 1980 2052 M.
2056 1992 2260 2053 ANT.
2318 1980 2688 2054 GORDIA-

1484 2095 1680 2162 NVS.
1744 2094 1935 2156 ΑΕΒ.
2018 2093 2216 2163 AVG.
2298 2096 2501 2170 Caput
2549 2095 2688 2154 lan·

1386 2183 1392 2193 ⁴
1482 2208 1751 2259 reatum.

1200 2298 1275 2359 P.
1318 2300 1408 2359 M.
1455 2298 1595 2359 ΤΒ
1639 2300 1713 2359 Ρ.
1761 2296 1949 2360 008.
1999 2297 2075 2359 P.
2121 2298 2203 2361 P.
2270 2298 2386 2359 Vir
2438 2304 2693 2374 topatus

1199 2411 1378 2461 stans
1413 2404 1475 2460 d.
1504 2419 1786 2473 ramum,
1830 2420 1880 2458 a.
1903 2401 2271 2476 scipionem,
2314 2398 2453 2458 ΑΒ.
2475 2398 2610 2458 AE.
2633 2396 2686 2459 1.

1201 2504 1404 2579 (Mus.
1448 2500 1667 2580 Caes.)
2459 2512 2462 2513 ’

1325 2604 1576 2663 Nomos
1598 2621 1744 2664 cum
1778 2596 1900 2661 hac
1925 2618 2152 2661 aversa
2188 2598 2270 2662 ad
2300 2620 2500 2662 unum
2521 2598 2688 2663 Gor-

1206 2700 1470 2764 dianum
1511 2702 1839 2763 seniorem
1882 2701 2258 2783 peitinere,
2302 2701 2372 2763 in
2407 2701 2689 2811 animad-

1201 2803 1508 2868 versione
1536 2802 1977 2886 praecedente
2004 2801 2162 2867 dixi.

1484 3027 1683 3088 Numi
1729 3026 2049 3087 Gordiani
2089 3025 2143 3120 I.
2189 3032 2253 3085 e!
2291 3021 2385 3085 ΙΙ.

1256 3267 1257 3272 ,
1328 3208 1492 3269 Cum
1544 3208 1951 3292 reliquorum
2012 3226 2358 3270 numorum
2417 3223 2685 3269 aversae

1199 3308 1461 3392 utrique
1487 3307 1773 3392 principi
1804 3323 1910 3370 aut
1947 3309 2076 3371 sint
2113 3328 2530 3383 communes,
2576 3319 2688 3369 aut

1197 3431 1330 3471 non
1374 3402 1838 3486 adversentur,
1882 3410 2130 3492 placuit
2177 3409 2519 3495 utriusque
2563 3421 2689 3472 nu·

1182 3532 1342 3574 -mos
1372 3511 1605 3576 eodem
1640 3511 1831 3573 titulo
1876 3510 2251 3596 complecti.

1481 3618 1745 3676 Eadem
1754 3618 2046 3677 adversa.

1196 3713 1736 3779 CONCORDIA.
1787 3714 2046 3781 AVGG.
2093 3716 2325 3775 Mulier
2371 3716 2687 3775 sedenad.

1187 3826 1518 3894 pateram,
1561 3839 1612 3877 a.
1637 3818 2076 3894 cornucopiae.
2118 3816 2257 3875 AR.
2295 3813 2526 3896 (vain.
2560 3813 2687 3876 Be·

1199 3937 1322 4001 ger
1361 3917 1428 3977 in
1464 3915 1666 3978 Gord.
1699 3915 1868 3995 sen.)

1483 4022 1726 4079 Eadem
1762 4021 2051 4078 adversa.

1195 4118 1835 4200 PROVIDENTIA.
1884 4115 2149 4194 AYGG.
2225 4119 2459 4180 Mulier·
2503 4127 2686 4180 stans

1197 4226 1262 4288 d,
1296 4223 1632 4295 bacillum,
1677 4242 1731 4283 a.
1771 4222 2218 4298 comucopiae,
2264 4228 2329 4281 et
2359 4220 2558 4279 simul
2584 4238 2687 4280 co·

1198 4326 1455 4386 lumnae
1485 4325 1752 4397 innixa,
1796 4324 1972 4384 Ιιιιηιί
2000 4324 2252 4402 qlobus.
2294 4320 2433 4436 ΑΒ.
2461 4320 2600 4382 ΑΕ.
2634 4319 2684 4380 1.

1202 4424 1406 4506 (Mus.
1450 4422 1667 4503 Caes.)

1523 4525 1770 4584 Eadem
1809 4526 2099 4588 adversa.

1273 4734 1336 4803 a)
1377 4729 1525 4786 Hist.
1566 4727 1762 4806 abreg.
1803 4727 1906 4786 des
1944 4730 2115 4806 Emp.
2157 4729 2223 4787 Τ.
2264 4728 2306 4786 Ι.
2347 4749 2407 4809 p.
2445 4737 2575 4825 337.

2807 672 3144 738 ROMAE.
3173 672 3670 737 AETERNAE.
3716 678 3918 738 Roma
3948 697 4148 759 super
4176 696 4317 740 scu·

2808 785 2908 851 to,
2955 785 3073 838 aut
3086 780 3296 853 juxta
3325 778 3443 840 Ιιοσ
3493 779 3716 838 sedens
3761 781 3824 837 d.
3863 780 4315 854 Victoriolam,

2803 884 2862 938 ἐ.
2886 879 3157 940 kastam.
3202 877 3339 938 AR.
3379 877 3517 938 AE.
3561 880 3608 940 1.
3645 879 3850 958 (Mus.
3881 877 4108 960 Caes.)

3093 982 3340 1039 Eadem
3381 982 3673 1041 adversa.

2810 1077 3316 1145 SECVRITAS.
3369 1078 3631 1146 AVGG.
3694 1084 3927 1144 Mulier
3975 1082 4211 1145 sedens
4248 1085 4313 1142 d.

2808 1192 3137 1262 sceptrum.
3186 1181 3327 1241 AR.
3361 1182 3498 1243 AE.
3529 1182 3586 1244 1.-
3617 1183 3820 1262 (Mus.
3855 1180 4080 1266 Caes.)

2923 1320 2928 1329 ι
3088 1285 3334 1344 Eadem
3366 1285 3665 1346 adversa.

2804 1381 3272 1451 VICTORIA.
3312 1381 3574 1450 AVGG.
3637 1388 4310 1468 Victoriayradiens.

2802 1484 2944 1547 AR.
2975 1486 3116 1547 ΑΕ.
3149 1486 3199 1548 1.
3242 1485 3439 1564 (Mus.
3477 1485 3696 1565 Gaea.)
3765 1563 3774 1571 .
3933 1556 3936 1559 ,

2928 1584 3030 1648 Ab
3069 1585 3171 1647 his
3206 1585 3422 1648 numis
3464 1583 3822 1664 docemur,
3866 1607 3999 1652 non
4033 1608 4314 1675 semper

2803 1686 2890 1752 ob
2950 1686 3294 1751 victoriam
3344 1687 3659 1762 relatam,
3736 1687 4110 1754 sedetiam
4167 1704 4310 1753 tan·

2801 1801 2940 1852 tum
2977 1801 3301 1871 speratam
3335 1788 3674 1857 Victoriae
3723 1802 3947 1874 typum
3982 1813 4020 1855 a
4072 1811 4306 1857 mone·

2798 1887 2984 1953 tariis
3010 1886 3216 1950 fuisse
3246 1888 3630 1951 adhibitum.
3678 1887 4026 1956 Gordianis
4051 1909 4122 1957 et
4142 1909 4314 1957 tem·

2799 2010 2957 2073 pus,
3003 2001 3071 2052 et
3104 1989 3363 2052 occasio
3400 1988 3793 2053 referendae
3831 1991 4159 2058 victoriae
4195 1996 4309 2058 de·

2802 2090 2947 2153 fuit.
3019 2090 3208 2152 Laeti
3251 2091 3478 2173 ‚igitur
3525 2080 3761 2153 ominis
3816 2094 4150 2159 rationem
4197 2095 4307 2160 hic

2804 2204 2993 2274 typus
3045 2191 3244 2254 habet
3302 2194 3485 2254 velut
3549 2192 3856 2256 vincendi
3900 2197 4301 2281 propediem

2805 2293 3178 2370 Maximini,
3226 2312 3419 2376 quem
3458 2306 3712 2357 certum
3752 2311 3894 2361 erat
3943 2296 4202 2363 bellum
4236 2299 4301 2360 in

2800 2414 3008 2459 novos
3045 2397 3379 2477 Augustos
3408 2415 3666 2478 parare.

3084 2501 3329 2558 Eadem
3373 2501 3666 2563 adversa.
3727 2504 3734 2509 ’

2799 2598 3146 2666 VIRTVS.
3179 2598 3440 2664 AVGG.
3479 2601 3667 2660 Miles
3693 2601 3996 2680 yaleatus
4026 2613 4215 2667 stans
4235 2610 4299 2666 d.

2802 2705 3087 2781 clypeum
3110 2702 3287 2761 humi
3306 2703 3570 2777 attinet,
3607 2722 3665 2765 s.
3681 2704 3954 2768 hastam.
3995 2706 4138 2768 ΑΒ.
4163 2708 4296 2770 ΑΕ.

2803 2801 2851 2861 Ῑ.
2888 2804 3085 2884 (Mus.
3111 2802 3340 2882 Caes.)

3087 3025 3287 3090 Numi
3314 3029 3646 3135 somniatis
3681 3032 4028 3111 pereqrini.

2932 3209 3337 3272 Coloniarum
3380 3211 3561 3274 numi
3608 3231 3756 3274 cum
3802 3213 4291 3279 Gordianorum

2802 3311 3013 3393 capite
3074 3309 3362 3373 nondum
3423 3313 3788 3395 comperti,
3867 3315 3993 3379 etsi
4049 3316 4290 3381 horum

2800 3433 2998 3473 unum
3020 3412 3309 3473 Edessae
3325 3456 3344 3488 ,
3390 3412 3504 3475 sed
3522 3414 3670 3496 plus
3690 3417 3882 3498 quam
3913 3432 4290 3500 suspectum

2801 3512 3060 3575 dederit
3080 3513 3438 3590 Sestinius,
3485 3535 3675 3596 quem
3697 3516 3924 3598 'paullo
3960 3516 4132 3582 infra
4171 3519 4292 3589 sub

2799 3618 3183 3679 Nominibus
3210 3614 3426 3678 obiter
3462 3617 3890 3700 attingemus,
3933 3637 4154 3703 neque
4191 3643 4293 3684 ur·

2801 3718 2974 3776 bium
3007 3718 3351 3781 liberarum
3385 3717 3646 3802 dempta
3687 3717 3920 3794 Samo,
3954 3719 4142 3802 cujus
4175 3743 4292 3784 nu·

2800 3836 2976 3877 mum
3043 3835 3190 3879 cum
3250 3819 3461 3902 capite
3508 3817 3822 3886 Gordiani
3881 3821 4163 3883 senioris
4222 3819 4291 3884 et

2799 3928 2952 3999 typo
2992 3915 3326 3981 Fortunae
3374 3939 3607 3982 recens
3654 3932 3995 4001 repertum
4031 3941 4118 3984 ex
4153 3944 4289 3987 mu·

2799 4036 2914 4079 seo
2975 4018 3224 4081 abbatis
3283 4020 3607 4101 d’Ennery
3655 4021 3888 4084 recitat
3941 4023 4025 4087 cl.
4078 4026 4287 4087 Bean-

2797 4119 2934 4181 vais
2967 4118 3044 4200 ⁰).
3093 4121 3165 4183 Si
3195 4119 3359 4184 fides
3406 4120 3759 4205 Arigonio',
3805 4121 4077 4186 habebis
4119 4124 4288 4210 ejus·

2801 4218 2950 4281 dem
2997 4220 3193 4282 alium
3251 4221 3574 4305 signatum
3613 4223 4001 4288 Antiochiae
4038 4226 4284 4290 Cariae.

2798 4323 3062 4384 Horum
3110 4320 3440 4383 desectum
3486 4325 3794 4408 supplent
3831 4329 4286 4403 Alexandrini,

2702 4476 2708 4480 .
2801 4421 2924 4500 etsi
2968 4422 3039 4484 hi
3081 4442 3341 4507 quoque
3386 4426 3664 4507 perrari.
