4652 5937
1450 422 1600 508 486

1452 605 1817 691 perstitem.
1864 591 2009 667 Non
2049 597 2308 665 inficior
2339 597 2586 681 objecti
2628 599 2787 662 nodi
2817 611 2951 665 mo-

1455 708 1752 782 lestiam,
1811 726 2025 792 neque
2070 723 2221 767 eum
2268 700 2570 777 declino,
2638 703 2754 765 sed
2799 725 2949 766 cum

1448 830 1560 872 res
1605 811 1746 892 ipsa
1788 808 2115 894 postulet,
2172 802 2642 887 reperiundum
2686 819 2787 867 est
2829 806 2945 868 ali-

1448 911 1640 996 quid,
1688 910 1864 995 quod
1900 908 2041 991 ejus
2069 907 2377 989 ambages
2413 905 2724 970 resolvat.
2784 907 2938 969 Ani·

1378 1076 1385 1089 ,
1445 1010 1996 1075 madiret-tendum
2041 1007 2459 1092 cumprimis,
2500 1007 2754 1068 nullum
2806 1026 2942 1069 om-

1443 1116 1606 1179 nino
1652 1113 1969 1177 hactenus
2014 1111 2351 1191 cognitum
2412 1126 2557 1169 esse
2600 1107 2939 1169 Aureliani

1440 1237 1714 1280 numum
1760 1235 1910 1277 cum
1954 1232 2122 1274 anno
2167 1213 2246 1271 Z.
2330 1209 2437 1271 An
2505 1229 2665 1274 vero
2725 1195 2940 1270 credi·

1441 1318 1619 1394 bile,
1690 1315 1748 1378 si
1806 1315 1913 1375 die
1974 1314 2208 1375 xxlx.
2253 1310 2536 1394 Augusti
2597 1299 2740 1392 ejus
2782 1311 2935 1371 anni

1433 1424 1784 1510 imperavit
1842 1420 2094 1492 adhuc,
2166 1425 2276 1476 aut
2340 1412 2559 1474 nullos
2620 1413 2933 1495 deinceps

1433 1547 1672 1591 numos
1707 1545 1857 1587 cum
1898 1522 2039 1604 ejus
2076 1514 2288 1597 capite
2320 1510 2526 1574 fuisse
2557 1535 2929 1601 percussos,

1433 1643 1548 1692 aut
1589 1628 1826 1688 horum
1889 1623 2144 1683 nullum
2203 1620 2284 1680 ad
2347 1638 2466 1679 nos
2526 1604 2927 1701 pervenisse,

1434 1747 1585 1789 cum
1615 1738 1833 1786 tamen
1868 1736 1968 1782 tot
2008 1740 2157 1781 cum
2197 1720 2423 1780 uxoris
2459 1719 2672 1800 capite
2704 1736 2929 1800 super·

1428 1828 1595 1901 sint,
1643 1838 1711 1886 et
1745 1834 2022 1885 aetatem
2054 1818 2374 1882 tulerint?
2461 1820 2608 1900 Ipse
2645 1817 2755 1879 hic
2785 1817 2926 1899 ejus

1424 1918 1780 1990 numorum
1799 1922 2129 1997 defectus,
2175 1920 2289 2005 qui
2325 1934 2543 1982 tamen
2577 1938 2923 2002 superesse

1429 2027 1792 2104 deberent,
1838 2046 1989 2089 cum
2035 2024 2212 2102 obvii
2271 2023 2402 2084 sint
2444 2021 2670 2084 uxoris
2716 2021 2919 2096 numi,

1426 2132 1585 2194 satis
1625 2149 1748 2191 nos
1793 2126 2139 2202 admouet,
2202 2124 2627 2188 Aurelianum
2672 2122 2918 2185 dictum

1421 2231 1780 2294 terminum
1813 2247 1945 2290 non
1976 2211 2307 2310 atligisse,
2358 2238 2426 2286 et
2467 2223 2798 2287 adsertum
2836 2222 2916 2284 ab

1416 2331 1750 2395 historicis
1772 2330 2229 2412 interregnum
2263 2326 2510 2389 stabilit
2527 2325 2763 2408 potius.
2805 2326 2912 2401 At,

1417 2433 1720 2515 inquies,
1785 2452 1942 2492 num
2004 2450 2196 2508 cusos
2252 2428 2624 2511 putabimus
2680 2445 2913 2488 numos

1412 2535 1642 2599 uxoris
1704 2532 1972 2594 nomine
2048 2544 2310 2595 mortuo
2377 2531 2570 2592 etiam
2628 2525 2911 2590 marito?

1412 2637 1576 2722 ajo,
1620 2654 1836 2718 neque
1870 2633 2044 2695 istud
2074 2634 2260 2695 nullo
2298 2630 2627 2713 exemplo.
2682 2629 2908 2715 Liviae

1409 2738 1727 2822 Augusti,
1774 2750 1839 2799 et
1859 2736 2160 2806 Domnae
2179 2733 2409 2796 Severi
2445 2731 2756 2793 habemus
2793 2752 2911 2791 nu-

1410 2859 1555 2902 mos
1600 2838 1878 2901 mortuis
1945 2838 2193 2899 maritis
2244 2855 2368 2919 per
2408 2832 2779 2915 provincias
2824 2831 2910 2891 si-

1409 2954 1663 3026 gnatos.
1751 2940 1837 3000 At
1866 2936 2099 2999 harum
2132 2935 2519 3020 superstites
2562 2932 2752 2995 {uere
2779 2930 2904 2995 filii
2947 2994 2954 3002 ,

1400 3043 1824 3123 imperantes.
1892 3042 2093 3100 Estoz
2139 3038 2305 3098 nihil
2342 3036 2515 3097 enim
2549 3036 2696 3117 plus
2724 3032 2902 3097 istud

1396 3141 1678 3236 probat,
1742 3159 1935 3223 quam
1971 3134 2182 3200 fuisse
2227 3135 2550 3199 rationem
2597 3135 2902 3199 dedican-

1400 3241 1526 3304 dae
1566 3241 1828 3325 utrique
1861 3240 2059 3303 etiam
2100 3254 2250 3323 post
2301 3238 2684 3301 maritorum
2726 3258 2900 3300 mor-

1396 3358 1535 3409 tem
1581 3333 1904 3406 monetae.
1989 3344 2215 3425 Ergo,
2275 3339 2400 3403 etsi
2461 3338 2895 3416 noneadem,

1395 3461 1618 3511 tamen
1663 3463 1809 3507 esse
1853 3443 2069 3527 aliqua
2116 3443 2285 3506 ratio
2330 3444 2572 3527 potuit,
2616 3454 2896 3525 propter

1396 3539 1591 3636 qfiam
1670 3545 2029 3629 placuerit,
2079 3545 2483 3622 ‚Severinae
2561 3555 2892 3605 monetam

1393 3650 1775 3730 etiampost
1805 3644 2145 3709 Aureliani
2178 3665 2519 3710 excessum
2557 3643 2893 3707 continua-

1389 3770 1510 3829 re,
1556 3750 1767 3836 qualis
1813 3768 1960 3810 esse
2018 3763 2281 3833 poterat
2323 3751 2431 3814 vel
2477 3746 2773 3809 adfectus
2817 3744 2884 3804 in

1389 3855 1814 3930 defunctum,
1858 3849 1968 3916 vel
2011 3849 2315 3934 quoniam
2365 3848 2530 3912 haec
2576 3867 2703 3909 uns
2743 3857 2883 3907 tum

1306 3959 1319 3973 ’
1387 3958 1719 4045 superfuit
1760 3958 2059 4038 Augusto
2100 3950 2370 4013 nomine
2412 3938 2756 4033 insignita,
2813 3957 2883 4008 et

1385 4061 1567 4150 quod
1606 4055 2066 4141 consequitur,
2108 4069 2308 4114 nemo
2356 4064 2514 4116 tune
2558 4051 2724 4116 alius
2754 4052 2881 4117 fuit

1381 4175 1691 4253 praesto,
1755 4155 1942 4240 cujus
1980 4152 2249 4219 nomine
2289 4152 2725 4219 Alexandriae
2767 4176 2882 4240 pe·

1385 4267 1579 4334 cunia
1640 4265 1709 4324 iu
1752 4280 1907 4323 usus
1967 4255 2381 4343 quotidianos
2427 4255 2739 4319 *cudenda
2781 4256 2881 4317 in-

1381 4368 1766 4448 signiretur.
1852 4357 2152 4424 Adverto
2190 4351 2573 4442 praeteiea,
2618 4358 2872 4421 nullum

3571 320 3612 375 Ι

2623 413 3402 494 AVRELIANVS.

3067 604 3491 668 xsndrixium
3535 601 4059 689 praeterquam
4091 623 4236 667 cum
4275 611 4416 670 aunis
4441 630 4517 683 set

3065 710 3151 783 Z,
3199 707 3269 769 id
3308 721 3428 771 est
3471 709 3608 777 VI.
3641 700 3728 769 et'
3753 707 3913 773 Vll.
3936 751 3954 781 ‚
4003 707 4062 766 si
4093 707 4516 789 Arigouiinmns

3061 808 3284 874 demas
3310 831 3488 873 cum
3523 808 3745 873 annis
3767 810 3830 870 A
3867 807 3930 888 ⁸)
3952 854 3969 885 ,
4003 811 4159 871 ·etB
4189 806 4273 889 b),
4303 812 4394 872 sed
4415 812 4514 891 eujus

3054 908 3396 974 iconismis
3430 912 3617 995 jure
3654 910 4079 973 diffidimus.
4139 910 4319 1006 Quod
4342 915 4512 994 suspica·

3056 1012 3117 1071 ri
3146 1010 3342 1091 facit,
3398 1015 3830 1079 severinae
3861 1008 4138 1076 nonnisi
4172 1031 4342 1074 caeso
4373 1018 4509 1077 marito

3052 1134 3286 1176 numos
3361 1103 3882 1178 Alexandriae
3971 1111 4261 1174 dedicari
4326 1130 4505 1197 coeptus,

3052 1213 3250 1298 idque
3285 1215 3561 1279 factum
3598 1213 4023 1279 necessario
4045 1258 4066 1290 ,
4111 1214 4286 1296 nullo
4313 1227 4415 1275 tum
4436 1216 4502 1276 alio

3050 1316 3350 1393 vivente,
3398 1331 3482 1380 ut
3516 1317 3708 1380 dixi.

3176 1419 3360 1480 Haec
3421 1418 3782 1481 doctrina
3847 1431 3930 1480 ut
3973 1408 4258 1480 violenta
4307 1434 4405 1476 non
4433 1432 4498 1481 est.

3047 1516 3137 1580 ita
3174 1532 3241 1580 ct
3267 1531 3607 1582 statutum
3646 1520 3744 1582 ab
3779 1518 4135 1580 historicis
4164 1516 4489 1601 interregnum

3045 1622 3400 1702 plurimum
3447 1623 3789 1704 adjuvat.
3884 1620 4221 1683 Aliorsum
4268 1617 4372 1679 abit
4392 1623 4490 1678 Miz·

3005 1720 3358 1802 ozolenus‚
3422 1724 3551 1806 qui
3605 1724 3878 1786 ductus
3947 1718 4319 1784 auctoritate
4348 1738 4484 1778 numo·

3041 1842 3190 1883 rum
3252 1823 3670 1897 Latinorum
3695 1868 3716 1900 ,
3811 1823 3937 1910 qui
4002 1819 4159 1884 trib.
4212 1831 4480 1900 potestatem

3038 1922 3183 1991 Vll.
3226 1924 3615 1987 inscribunt
3643 1968 3664 2000 ,
3717 1939 3798 1988 et
3834 1920 4389 1986 Alexandrinorum
4415 1917 4477 1977 Se·

3039 2027 3305 2090 verinae
3351 2046 3503 2089 cum
3556 2048 3758 2092 anno
3813 2029 3874 2087 Z
3904 2070 3923 2101 ‚
3992 2024 4247 2095 statuit,
4283 2017 4475 2080 Aurelii·

3033 2146 3188 2188 num
3241 2128 3508 2203 dictum.
3541 2131 3790 2192 fuisse
3830 2129 4205 2211 Augustum
4248 2116 4468 2184 cirmini·

3031 2230 3193 2291 tium
3231 2231 3642 2294 Decembris
3677 2233 3768 2300 V.
3805 2228 3886 2290 C.
3933 2226 4137 2301 1023,
4179 2243 4314 2285 mox
4332 2217 4466 2304 proxi·

3029 2351 3139 2392 mo
3187 2333 3298 2400 lv.
3362 2332 3509 2395 idus
3572 2335 3891 2396 iterasse
3958 2329 4112 2392 trib.
4161 2332 4459 2408 potestatem,

3030 2450 3105 2493 ac
3141 2432 3402 2494 demum
3439 2432 3697 2496 eodem
3738 2434 3860 2496 die
3901 2431 4063 2495 anni
4089 2422 4255 2489 '1028
4282 2420 4456 2483 inivisse

3026 2530 3424 2595 tribunatum
3470 2536 3664 2611 V11.‚
3739 2549 3818 2599 et
3876 2530 4232 2597 secundum
4267 2518 4453 2585 eandem

3022 2631 3241 2714 legem
3307 2636 3756 2718 explicandos
3826 2628 4038 2705 etiam
4084 2618 4448 2693 Alexandrinos

3025 2733 3421 2811 Severinae,
3483 2740 3817 2821 quoniam
3887 2736 4046 2798 anni
4089 2733 4187 2793 his
4240 2716 4442 2801 inscripti

3021 2853 3106 2911 ex
3144 2836 3285 2918 ejus
3322 2842 3647 2903 sententia
3693 2861 3840 2902 non
3881 2838 3967 2900 ab
4020 2842 4279 2910 exeunte
4301 2825 4439 2900 ΑΨ·

3019 2952 3120 3002 sto
3152 2937 3595 3019 deducuntur,
3645 2942 3780 3006 sed
3815 2939 4257 3005 «tribunatuum
4289 2935 4434 2987 nume·

3015 3060 3165 3103 rum
3210 3058 3591 3126 sequuntur.

3012 3141 3234 3206 videat
3275 3143 3635 3227 Vopiscum
3700 3143 4164 3211 adserentem,
4219 3123 4425 3192 Tacitum

3008 3242 3140 3326 jam
3177 3247 3319 3313 Vn.
3368 3246 3518 3308 Kal.
3571 3245 3868 3310 Octobr.
3916 3240 4071 3305 anni
4112 3237 4189 3304 V.
4226 3232 4281 3292 C·
4321 3215 4421 3282 ¹⁰⁵9

3009 3344 3297 3414 electum
3328 3335 3846 3430 imperatorem,
3895 3356 4092 3426 atque
4122 3338 4320 3398 iterum
4336 3321 4420 3389 VO·

3004 3445 3256 3528 piscum
3302 3460 3371 3510 et
3413 3433 3775 3533 utrumque
3825 3447 4161 3516 Victorem
4198 3437 4413 3533 suctores

3002 3546 3348 3612 anarchiae
3381 3548 3496 3617 VI.
3549 3552 3660 3616 vel
3691 3551 3839 3620 vn.
3879 3541 4218 3611 mensium,
4253 3527 4316 3593 &b
4345 3521 4413 3583 1¹¹⁸
4451 3587 4454 3592 .

3004 3667 3078 3711 se
3123 3650 3447 3714 molestiis
3507 3653 3831 3718 continuo
3874 3650 4110 3713 liberat
4147 3619 4406 3698 inficiando

3004 3751 3297 3813 omnium
3356 3752 3593 3815 horum
3657 3749 4178 3818 testimoniorum
4241 3723 4407 3837 veri-‘¹'

3000 3862 3137 3914 tem
3200 3847 3312 3931 0).-
3371 3856 3662 3918 Necesse
3691 3876 3840 3919 non
3883 3862 4081 3937 puto,
4134 3841 4272 3902 hanc
4303 3838 4396 3935 θ’θ’

2994 3953 3426 4032 sententiam,
3502 3957 3613 4019 cui
3666 3958 3781 4022 vix
3856 3948 4235 4019 eruditorum
4279 3939 4399 4010 ‘1⁰¹⁸'

2994 4052 3167 4137 piam
3212 4053 3409 4119 facile
3453 4057 3864 4135 subscribet,
3909 4046 4121 4116 multis
4155 4032 4385 4100 refiaeure·

2992 4152 3118 4237 Ajo
3161 4169 3448 4236 tantum,
3509 4140 3596 4223 in·
3638 4161 3764 4224 hac
3826 4155 3967 4242 ejus
4007 4138 4265 4212 doctrina
4295 4139 4388 4189 1¹⁰⁰

2990 4256 3285 4338 potuisse
3347 4260 3591 4344 signari
3649 4280 3886 4325 numos
3926 4237 4231 4320 Aureliani
4273 4240 4376 4339 ⁶⁰?

2989 4378 3160 4420 anno
3206 4363 3299 4437 A,
3359 4381 3638 4447 quorum
3693 4374 3911 4425 tamen
3963 4345 4290 4440 ‘compium
4331 4340 4378 4384 ¹¹²

1381 4465 1596 4530 adhuc
1630 4463 1965 4549 proditum
2012 4461 2372 4527 Severinae
2417 4469 2687 4522 numum
2721 4460 2874 4523 Ale·
2987 4461 3231 4523 museis
3262 4476 3549 4540 exstant,
3592 4483 3724 4527 non
3769 4477 3921 4528 ante
3962 4457 4116 4520 diem
4145 4424 4370 4509 1V·1'‹1⁰⁸

1392 4567 4363 4634 ...-—-—-——-—-—-*-—-—--—--——--—.—.-—----·-·‘“

1414 4749 1419 4757 ²
1454 4679 1520 4755 a)
1546 4668 1719 4736 Num.
1746 4671 1915 4733 Alex.
1948 4673 2069 4734 tab.
2092 4676 2309 4736 xm.
2420 4675 2492 4751 b)
2517 4675 2694 4736 Numi
2729 4674 2836 4738 alii
2864 4676 3030 4738 Alex.
3063 4678 3186 4741 tab.
3216 4680 3319 4738 lx.
3449 4682 3512 4755 c)
3537 4680 3610 4738 de
3629 4679 3766 4740 trib.
3786 4691 3906 4759 pot.
3935 4677 4117 4756 p·193·
4139 4673 4239 4730 50‘1·

3686 3047 3784 3107 At
3832 3062 3992 3105 cum
4037 3024 4327 3101 adversari
4352 3015 4429 3079 sibi
4537 3057 4538 3072 ÷
