<?xml version="1.0" encoding="UTF-8"?>
<!DOCTYPE html PUBLIC "-//W3C//DTD XHTML 1.0 Transitional//EN"
    "http://www.w3.org/TR/xhtml1/DTD/xhtml1-transitional.dtd">
<html xmlns="http://www.w3.org/1999/xhtml" xml:lang="en" lang="en">
 <head>
  <title>
</title>
<meta http-equiv="Content-Type" content="text/html;charset=utf-8" />
  <meta name='ocr-system' content='tesseract 3.04.00' />
  <meta name='ocr-capabilities' content='ocr_page ocr_carea ocr_par ocr_line ocrx_word'/>
</head>
<body>
  <div class='ocr_page' id='page_1' title='image "./doctrinanumorum05hohlgoog_0351.png"; bbox 0 0 4652 5937; ppageno 0'>
   <div class='ocr_carea' id='block_1_1' title="bbox 1571 423 2378 501">
    <p class='ocr_par' dir='ltr' id='par_1_1' title="bbox 1571 423 2378 501">
     <span class='ocr_line' id='line_1_1' title="bbox 1571 423 2378 501; baseline 0.001 -2"><span class='ocrx_word' id='word_1_1' title='bbox 1571 423 2226 501; x_wconf 84' lang='lat' dir='ltr'><strong>PHILIPPVS</strong></span> <span class='ocrx_word' id='word_1_2' title='bbox 2296 428 2378 500; x_wconf 53' lang='lat'><strong>1:</strong></span> 
     </span>
    </p>
   </div>
   <div class='ocr_carea' id='block_1_2' title="bbox 429 605 1930 1402">
    <p class='ocr_par' dir='ltr' id='par_1_2' title="bbox 429 605 1930 1402">
     <span class='ocr_line' id='line_1_2' title="bbox 434 605 1930 706; baseline -0.001 -28"><span class='ocrx_word' id='word_1_3' title='bbox 434 628 570 678; x_wconf 88' lang='lat' dir='ltr'><strong>tum</strong></span> <span class='ocrx_word' id='word_1_4' title='bbox 614 623 948 699; x_wconf 86' lang='lat' dir='ltr'><strong>comparet</strong></span> <span class='ocrx_word' id='word_1_5' title='bbox 983 605 1060 671; x_wconf 91' lang='grc' dir='ltr'><strong>Γ.</strong></span> <span class='ocrx_word' id='word_1_6' title='bbox 1132 608 1283 706; x_wconf 73' lang='lat' dir='ltr'><strong>Quo</strong></span> <span class='ocrx_word' id='word_1_7' title='bbox 1328 607 1496 673; x_wconf 81' lang='lat' dir='ltr'><strong>adeo</strong></span> <span class='ocrx_word' id='word_1_8' title='bbox 1544 611 1930 696; x_wconf 82' lang='lat' dir='ltr'><strong>comproba·</strong></span> 
     </span>
     <span class='ocr_line' id='line_1_3' title="bbox 430 713 1928 799; baseline -0.002 -20"><span class='ocrx_word' id='word_1_9' title='bbox 430 729 574 799; x_wconf 77' lang='lat' dir='ltr'><strong>tur,</strong></span> <span class='ocrx_word' id='word_1_10' title='bbox 618 714 841 777; x_wconf 87' lang='lat' dir='ltr'><strong>inanes</strong></span> <span class='ocrx_word' id='word_1_11' title='bbox 888 733 1032 776; x_wconf 86' lang='lat' dir='ltr'><strong>esse</strong></span> <span class='ocrx_word' id='word_1_12' title='bbox 1082 713 1533 795; x_wconf 84' lang='lat' dir='ltr'><strong>conjecturas,</strong></span> <span class='ocrx_word' id='word_1_13' title='bbox 1597 734 1793 797; x_wconf 86' lang='lat' dir='ltr'><strong>quas,</strong></span> <span class='ocrx_word' id='word_1_14' title='bbox 1855 727 1928 776; x_wconf 88' lang='lat' dir='ltr'><strong>ut</strong></span> 
     </span>
     <span class='ocr_line' id='line_1_4' title="bbox 438 813 1927 901; baseline -0.003 -20"><span class='ocrx_word' id='word_1_15' title='bbox 438 838 633 901; x_wconf 83' lang='lat' dir='ltr'><strong>supra</strong></span> <span class='ocrx_word' id='word_1_16' title='bbox 677 813 995 888; x_wconf 80' lang='lat' dir='ltr'>diximus,</span> <span class='ocrx_word' id='word_1_17' title='bbox 1059 813 1300 876; x_wconf 82' lang='lat' dir='ltr'><strong>eruditi</strong></span> <span class='ocrx_word' id='word_1_18' title='bbox 1347 814 1428 877; x_wconf 82' lang='lat' dir='ltr'><strong>ad</strong></span> <span class='ocrx_word' id='word_1_19' title='bbox 1475 813 1927 897; x_wconf 78' lang='lat' dir='ltr'><strong>explicandam</strong></span> 
     </span>
     <span class='ocr_line' id='line_1_5' title="bbox 434 914 1927 980; baseline 0 0"><span class='ocrx_word' id='word_1_20' title='bbox 434 935 863 980; x_wconf 87' lang='lat' dir='ltr'><strong>numerorum</strong></span> <span class='ocrx_word' id='word_1_21' title='bbox 895 914 1277 976; x_wconf 85' lang='lat' dir='ltr'><strong>Latinorum</strong></span> <span class='ocrx_word' id='word_1_22' title='bbox 1314 936 1574 978; x_wconf 87' lang='lat' dir='ltr'><strong>cansam</strong></span> <span class='ocrx_word' id='word_1_23' title='bbox 1623 919 1927 980; x_wconf 81' lang='lat' dir='ltr'><strong>attulere.</strong></span> 
     </span>
     <span class='ocr_line' id='line_1_6' title="bbox 434 1016 1923 1100; baseline -0.003 -16"><span class='ocrx_word' id='word_1_24' title='bbox 434 1020 625 1084; x_wconf 84' lang='lat' dir='ltr'><strong>Nunc</strong></span> <span class='ocrx_word' id='word_1_25' title='bbox 662 1037 825 1100; x_wconf 87' lang='lat' dir='ltr'><strong>ergo</strong></span> <span class='ocrx_word' id='word_1_26' title='bbox 857 1016 1142 1100; x_wconf 89' lang='lat' dir='ltr'><strong>primum</strong></span> <span class='ocrx_word' id='word_1_27' title='bbox 1182 1016 1514 1078; x_wconf 81' lang='lat' dir='ltr'>solitariae</span> <span class='ocrx_word' id='word_1_28' title='bbox 1550 1018 1673 1080; x_wconf 87' lang='lat' dir='ltr'><strong>hae</strong></span> <span class='ocrx_word' id='word_1_29' title='bbox 1708 1031 1923 1093; x_wconf 85' lang='lat' dir='ltr'><strong>notae,</strong></span> 
     </span>
     <span class='ocr_line' id='line_1_7' title="bbox 432 1117 1924 1203; baseline -0.005 -17"><span class='ocrx_word' id='word_1_30' title='bbox 432 1121 565 1186; x_wconf 69' lang='lat' dir='ltr'><strong>etsi</strong></span> <span class='ocrx_word' id='word_1_31' title='bbox 589 1137 822 1203; x_wconf 89' lang='lat' dir='ltr'><strong>parce,</strong></span> <span class='ocrx_word' id='word_1_32' title='bbox 869 1137 1193 1199; x_wconf 84' lang='lat' dir='ltr'><strong>occupare</strong></span> <span class='ocrx_word' id='word_1_33' title='bbox 1224 1131 1554 1180; x_wconf 78' lang='lat' dir='ltr'><strong>monetam</strong></span> <span class='ocrx_word' id='word_1_34' title='bbox 1585 1117 1924 1200; x_wconf 87' lang='lat' dir='ltr'><strong>incipiunt,</strong></span> 
     </span>
     <span class='ocr_line' id='line_1_8' title="bbox 434 1217 1926 1306; baseline -0.001 -23"><span class='ocrx_word' id='word_1_35' title='bbox 434 1240 601 1306; x_wconf 82' lang='lat' dir='ltr'><strong>quae</strong></span> <span class='ocrx_word' id='word_1_36' title='bbox 640 1218 952 1301; x_wconf 78' lang='lat' dir='ltr'><strong>deinceps</strong></span> <span class='ocrx_word' id='word_1_37' title='bbox 982 1217 1316 1281; x_wconf 85' lang='lat' dir='ltr'><strong>inferioris</strong></span> <span class='ocrx_word' id='word_1_38' title='bbox 1348 1219 1492 1281; x_wconf 88' lang='lat' dir='ltr'><strong>aevi</strong></span> <span class='ocrx_word' id='word_1_39' title='bbox 1523 1240 1757 1281; x_wconf 87' lang='lat' dir='ltr'><strong>numos</strong></span> <span class='ocrx_word' id='word_1_40' title='bbox 1788 1239 1926 1281; x_wconf 89' lang='lat' dir='ltr'><strong>mo·</strong></span> 
     </span>
     <span class='ocr_line' id='line_1_9' title="bbox 429 1319 1924 1402; baseline -0.001 -18"><span class='ocrx_word' id='word_1_41' title='bbox 429 1341 508 1384; x_wconf 87' lang='lat' dir='ltr'><strong>re</strong></span> <span class='ocrx_word' id='word_1_42' title='bbox 544 1319 910 1382; x_wconf 81' lang='lat' dir='ltr'>examinum</span> <span class='ocrx_word' id='word_1_43' title='bbox 955 1319 1279 1402; x_wconf 82' lang='lat' dir='ltr'><strong>insedere.</strong></span> <span class='ocrx_word' id='word_1_44' title='bbox 1357 1320 1666 1381; x_wconf 88' lang='lat' dir='ltr'><strong>Ceterum</strong></span> <span class='ocrx_word' id='word_1_45' title='bbox 1704 1319 1924 1383; x_wconf 78' lang='lat' dir='ltr'><strong>nullus</strong></span> 
     </span>
    </p>
   </div>
   <div class='ocr_carea' id='block_1_3' title="bbox 429 1418 1966 1503">
    <p class='ocr_par' dir='ltr' id='par_1_3' title="bbox 429 1418 1966 1503">
     <span class='ocr_line' id='line_1_10' title="bbox 429 1418 1966 1503; baseline -0.001 -19"><span class='ocrx_word' id='word_1_46' title='bbox 429 1421 496 1484; x_wconf 91' lang='lat' dir='ltr'><strong>in</strong></span> <span class='ocrx_word' id='word_1_47' title='bbox 529 1421 609 1483; x_wconf 87' lang='lat' dir='ltr'><strong>iis</strong></span> <span class='ocrx_word' id='word_1_48' title='bbox 637 1428 865 1483; x_wconf 79' lang='lat' dir='ltr'><strong>sensus</strong></span> <span class='ocrx_word' id='word_1_49' title='bbox 891 1420 1305 1496; x_wconf 77' lang='lat' dir='ltr'><strong>reconditus,</strong></span> <span class='ocrx_word' id='word_1_50' title='bbox 1349 1439 1566 1503; x_wconf 88' lang='lat' dir='ltr'><strong>neque</strong></span> <span class='ocrx_word' id='word_1_51' title='bbox 1590 1418 1767 1481; x_wconf 81' lang='lat' dir='ltr'><strong>aliud</strong></span> <span class='ocrx_word' id='word_1_52' title='bbox 1788 1418 1928 1480; x_wconf 85' lang='lat' dir='ltr'><strong>sue·</strong></span> <span class='ocrx_word' id='word_1_53' title='bbox 1960 1477 1966 1483; x_wconf 89' lang='lat'><strong>.</strong></span> 
     </span>
    </p>
   </div>
   <div class='ocr_carea' id='block_1_4' title="bbox 425 1520 1929 1708">
    <p class='ocr_par' dir='ltr' id='par_1_4' title="bbox 425 1520 1929 1708">
     <span class='ocr_line' id='line_1_11' title="bbox 425 1520 1929 1607; baseline -0.003 -22"><span class='ocrx_word' id='word_1_54' title='bbox 425 1522 604 1597; x_wconf 74' lang='lat' dir='ltr'><strong>rint,</strong></span> <span class='ocrx_word' id='word_1_55' title='bbox 681 1544 874 1607; x_wconf 88' lang='lat' dir='ltr'><strong>quam</strong></span> <span class='ocrx_word' id='word_1_56' title='bbox 934 1520 1210 1595; x_wconf 88' lang='lat' dir='ltr'><strong>indicia,</strong></span> <span class='ocrx_word' id='word_1_57' title='bbox 1286 1520 1522 1606; x_wconf 88' lang='lat' dir='ltr'><strong>quibus</strong></span> <span class='ocrx_word' id='word_1_58' title='bbox 1578 1521 1929 1601; x_wconf 75' lang='lat' dir='ltr'><strong>monetarii</strong></span> 
     </span>
     <span class='ocr_line' id='line_1_12' title="bbox 428 1621 1242 1708; baseline 0 -22"><span class='ocrx_word' id='word_1_59' title='bbox 428 1643 597 1708; x_wconf 87' lang='lat' dir='ltr'><strong>opus</strong></span> <span class='ocrx_word' id='word_1_60' title='bbox 631 1643 819 1686; x_wconf 92' lang='lat' dir='ltr'><strong>suum</strong></span> <span class='ocrx_word' id='word_1_61' title='bbox 856 1621 1242 1686; x_wconf 80' lang='lat' dir='ltr'><strong>distinxere.</strong></span> 
     </span>
    </p>
   </div>
   <div class='ocr_carea' id='block_1_5' title="bbox 1001 1847 1377 1908">
    <p class='ocr_par' dir='ltr' id='par_1_5' title="bbox 1001 1847 1377 1908">
     <span class='ocr_line' id='line_1_13' title="bbox 1001 1847 1377 1908; baseline -0.011 0"><span class='ocrx_word' id='word_1_62' title='bbox 1001 1847 1377 1908; x_wconf 75' lang='lat' dir='ltr'><strong>Nomina.</strong></span> 
     </span>
    </p>
   </div>
   <div class='ocr_carea' id='block_1_6' title="bbox 567 2014 1934 2106">
    <p class='ocr_par' dir='ltr' id='par_1_6' title="bbox 567 2014 1934 2106">
     <span class='ocr_line' id='line_1_14' title="bbox 567 2014 1934 2106; baseline -0.002 -13"><span class='ocrx_word' id='word_1_63' title='bbox 567 2032 988 2093; x_wconf 72' lang='lat' dir='ltr'><strong>Germanicus</strong></span> <span class='ocrx_word' id='word_1_64' title='bbox 1037 2032 1367 2090; x_wconf 72' lang='lat' dir='ltr'><strong>Maximus</strong></span> <span class='ocrx_word' id='word_1_65' title='bbox 1386 2071 1404 2102; x_wconf 86' lang='lat'>‚</span> <span class='ocrx_word' id='word_1_66' title='bbox 1450 2014 1750 2106; x_wconf 62' lang='lat' dir='ltr'><strong>Car-picus</strong></span> <span class='ocrx_word' id='word_1_67' title='bbox 1793 2032 1934 2090; x_wconf 83' lang='lat' dir='ltr'><strong>Ma·</strong></span> 
     </span>
    </p>
   </div>
   <div class='ocr_carea' id='block_1_7' title="bbox 404 2126 1932 3524">
    <p class='ocr_par' dir='ltr' id='par_1_7' title="bbox 434 2126 1930 2296">
     <span class='ocr_line' id='line_1_15' title="bbox 434 2126 1930 2195; baseline -0.003 0"><span class='ocrx_word' id='word_1_68' title='bbox 434 2132 670 2195; x_wconf 66' lang='lat' dir='ltr'><strong>cimus.</strong></span> <span class='ocrx_word' id='word_1_69' title='bbox 755 2129 861 2191; x_wconf 90' lang='lat' dir='ltr'><strong>De</strong></span> <span class='ocrx_word' id='word_1_70' title='bbox 911 2129 1013 2190; x_wconf 87' lang='lat' dir='ltr'><strong>his</strong></span> <span class='ocrx_word' id='word_1_71' title='bbox 1060 2126 1213 2195; x_wconf 77' lang='lat' dir='ltr'><strong>vide</strong></span> <span class='ocrx_word' id='word_1_72' title='bbox 1264 2147 1500 2190; x_wconf 91' lang='lat' dir='ltr'><strong>numos</strong></span> <span class='ocrx_word' id='word_1_73' title='bbox 1555 2128 1708 2190; x_wconf 89' lang='lat' dir='ltr'><strong>anni</strong></span> <span class='ocrx_word' id='word_1_74' title='bbox 1740 2128 1823 2195; x_wconf 87' lang='lat' dir='ltr'><strong>V.</strong></span> <span class='ocrx_word' id='word_1_75' title='bbox 1857 2129 1930 2190; x_wconf 89' lang='lat' dir='ltr'><strong>C.</strong></span> 
     </span>
     <span class='ocr_line' id='line_1_16' title="bbox 437 2250 619 2296; baseline 0.011 -2"><span class='ocrx_word' id='word_1_76' title='bbox 437 2250 619 2296; x_wconf 81' lang='grc' dir='ltr'><strong>ιοοι.</strong></span> 
     </span>
    </p>

    <p class='ocr_par' dir='ltr' id='par_1_8' title="bbox 404 2331 1932 3524">
     <span class='ocr_line' id='line_1_17' title="bbox 559 2331 1932 2394; baseline 0 0"><span class='ocrx_word' id='word_1_77' title='bbox 559 2332 900 2394; x_wconf 70' lang='lat' dir='ltr'><strong>Parthicus</strong></span> <span class='ocrx_word' id='word_1_78' title='bbox 920 2332 1268 2393; x_wconf 70' lang='lat' dir='ltr'><strong>Mam‘mus.</strong></span> <span class='ocrx_word' id='word_1_79' title='bbox 1318 2331 1394 2390; x_wconf 90' lang='lat' dir='ltr'><strong>In</strong></span> <span class='ocrx_word' id='word_1_80' title='bbox 1428 2348 1757 2393; x_wconf 89' lang='lat' dir='ltr'><strong>marmore</strong></span> <span class='ocrx_word' id='word_1_81' title='bbox 1801 2333 1932 2394; x_wconf 81' lang='lat' dir='ltr'><strong>To·</strong></span> 
     </span>
     <span class='ocr_line' id='line_1_18' title="bbox 430 2423 1926 2514; baseline 0.001 -19"><span class='ocrx_word' id='word_1_82' title='bbox 430 2432 656 2495; x_wconf 76' lang='lat' dir='ltr'><strong>letano</strong></span> <span class='ocrx_word' id='word_1_83' title='bbox 692 2430 863 2514; x_wconf 82' lang='lat' dir='ltr'><strong>apud</strong></span> <span class='ocrx_word' id='word_1_84' title='bbox 907 2423 1263 2493; x_wconf 81' lang='lat' dir='ltr'><strong>Gruterum</strong></span> <span class='ocrx_word' id='word_1_85' title='bbox 1299 2430 1356 2510; x_wconf 79' lang='lat'><strong>⁸)</strong></span> <span class='ocrx_word' id='word_1_86' title='bbox 1398 2427 1640 2492; x_wconf 80' lang='lat' dir='ltr'><strong>dicitur</strong></span> <span class='ocrx_word' id='word_1_87' title='bbox 1668 2431 1926 2497; x_wconf 75' lang='lat' dir='ltr'><strong>PART.</strong></span> 
     </span>
     <span class='ocr_line' id='line_1_19' title="bbox 432 2529 1927 2615; baseline 0.001 -19"><span class='ocrx_word' id='word_1_88' title='bbox 432 2532 649 2596; x_wconf 67' lang='lat' dir='ltr'><strong>Max,</strong></span> <span class='ocrx_word' id='word_1_89' title='bbox 736 2534 1205 2615; x_wconf 81' lang='lat' dir='ltr'><strong>Praeterquam</strong></span> <span class='ocrx_word' id='word_1_90' title='bbox 1253 2529 1430 2614; x_wconf 85' lang='lat' dir='ltr'><strong>quod</strong></span> <span class='ocrx_word' id='word_1_91' title='bbox 1494 2533 1927 2597; x_wconf 75' lang='lat' dir='ltr'><strong>marmoribus</strong></span> 
     </span>
     <span class='ocr_line' id='line_1_20' title="bbox 436 2628 1929 2717; baseline -0.001 -21"><span class='ocrx_word' id='word_1_92' title='bbox 436 2632 983 2717; x_wconf 75' lang='lat' dir='ltr'><strong>Hispaniensibus</strong></span> <span class='ocrx_word' id='word_1_93' title='bbox 1015 2632 1314 2715; x_wconf 84' lang='lat' dir='ltr'><strong>exiguam</strong></span> <span class='ocrx_word' id='word_1_94' title='bbox 1362 2628 1682 2694; x_wconf 84' lang='lat' dir='ltr'><strong>habemns</strong></span> <span class='ocrx_word' id='word_1_95' title='bbox 1707 2631 1929 2714; x_wconf 85' lang='lat' dir='ltr'><strong>fidem,</strong></span> 
     </span>
     <span class='ocr_line' id='line_1_21' title="bbox 404 2732 1929 2815; baseline -0.004 -14"><span class='ocrx_word' id='word_1_96' title='bbox 404 2735 799 2815; x_wconf 69' lang='lat' dir='ltr'><strong>,verisimile</strong></span> <span class='ocrx_word' id='word_1_97' title='bbox 819 2733 1015 2797; x_wconf 88' lang='lat' dir='ltr'><strong>etiam</strong></span> <span class='ocrx_word' id='word_1_98' title='bbox 1043 2732 1274 2807; x_wconf 82' lang='lat' dir='ltr'><strong>visum,</strong></span> <span class='ocrx_word' id='word_1_99' title='bbox 1305 2749 1652 2815; x_wconf 85' lang='lat' dir='ltr'><strong>perperam</strong></span> <span class='ocrx_word' id='word_1_100' title='bbox 1683 2732 1929 2795; x_wconf 87' lang='lat' dir='ltr'><strong>lectum</strong></span> 
     </span>
     <span class='ocr_line' id='line_1_22' title="bbox 439 2833 1928 2916; baseline -0.002 -15"><span class='ocrx_word' id='word_1_101' title='bbox 439 2855 588 2901; x_wconf 86' lang='lat' dir='ltr'><strong>esse</strong></span> <span class='ocrx_word' id='word_1_102' title='bbox 630 2837 888 2900; x_wconf 83' lang='lat' dir='ltr'><strong>PAR&#39;r.</strong></span> <span class='ocrx_word' id='word_1_103' title='bbox 930 2833 1143 2894; x_wconf 79' lang='lat' dir='ltr'><strong>MAx.</strong></span> <span class='ocrx_word' id='word_1_104' title='bbox 1199 2852 1324 2916; x_wconf 88' lang='lat' dir='ltr'><strong>pro</strong></span> <span class='ocrx_word' id='word_1_105' title='bbox 1366 2833 1632 2899; x_wconf 83' lang='lat' dir='ltr'><strong>PON&#39;r.</strong></span> <span class='ocrx_word' id='word_1_106' title='bbox 1679 2833 1928 2911; x_wconf 67' lang='lat' dir='ltr'><strong>MAx„</strong></span> 
     </span>
     <span class='ocr_line' id='line_1_23' title="bbox 440 2931 1929 3024; baseline -0.001 -24"><span class='ocrx_word' id='word_1_107' title='bbox 440 2937 556 3024; x_wconf 87' lang='lat' dir='ltr'><strong>qui</strong></span> <span class='ocrx_word' id='word_1_108' title='bbox 585 2935 797 2999; x_wconf 86' lang='lat' dir='ltr'><strong>honos</strong></span> <span class='ocrx_word' id='word_1_109' title='bbox 821 2979 838 3010; x_wconf 91' lang='lat'>,</span> <span class='ocrx_word' id='word_1_110' title='bbox 882 2933 1143 3020; x_wconf 87' lang='lat' dir='ltr'><strong>qnando</strong></span> <span class='ocrx_word' id='word_1_111' title='bbox 1174 2931 1621 3018; x_wconf 85' lang='lat' dir='ltr'><strong>Augustorum</strong></span> <span class='ocrx_word' id='word_1_112' title='bbox 1652 2934 1828 2998; x_wconf 85' lang='lat' dir='ltr'><strong>tituli</strong></span> <span class='ocrx_word' id='word_1_113' title='bbox 1859 2935 1929 2999; x_wconf 92' lang='lat' dir='ltr'><strong>in</strong></span> 
     </span>
     <span class='ocr_line' id='line_1_24' title="bbox 433 3036 1931 3118; baseline -0.001 -16"><span class='ocrx_word' id='word_1_114' title='bbox 433 3036 873 3103; x_wconf 85' lang='lat' dir='ltr'><strong>marmoribus</strong></span> <span class='ocrx_word' id='word_1_115' title='bbox 901 3049 1354 3113; x_wconf 85' lang='lat' dir='ltr'><strong>recensentur,</strong></span> <span class='ocrx_word' id='word_1_116' title='bbox 1384 3036 1637 3118; x_wconf 83' lang='lat' dir='ltr'><strong>negligi</strong></span> <span class='ocrx_word' id='word_1_117' title='bbox 1669 3057 1801 3100; x_wconf 91' lang='lat' dir='ltr'><strong>non</strong></span> <span class='ocrx_word' id='word_1_118' title='bbox 1826 3057 1931 3100; x_wconf 90' lang='lat' dir='ltr'><strong>so-</strong></span> 
     </span>
     <span class='ocr_line' id='line_1_25' title="bbox 434 3135 1931 3220; baseline -0.001 -18"><span class='ocrx_word' id='word_1_119' title='bbox 434 3139 553 3203; x_wconf 87' lang='lat' dir='ltr'><strong>let.</strong></span> <span class='ocrx_word' id='word_1_120' title='bbox 615 3141 715 3201; x_wconf 64' lang='lat' dir='ltr'><strong>At</strong></span> <span class='ocrx_word' id='word_1_121' title='bbox 758 3135 1049 3220; x_wconf 78' lang='lat' dir='ltr'><strong>vulgavit</strong></span> <span class='ocrx_word' id='word_1_122' title='bbox 1097 3156 1311 3219; x_wconf 89' lang='lat' dir='ltr'><strong>nuper</strong></span> <span class='ocrx_word' id='word_1_123' title='bbox 1353 3136 1437 3199; x_wconf 79' lang='lat' dir='ltr'><strong>cl.</strong></span> <span class='ocrx_word' id='word_1_124' title='bbox 1474 3136 1931 3201; x_wconf 73' lang='lat' dir='ltr'><strong>Schonwisne-</strong></span> 
     </span>
     <span class='ocr_line' id='line_1_26' title="bbox 434 3235 1928 3319; baseline -0.002 -16"><span class='ocrx_word' id='word_1_125' title='bbox 434 3259 553 3303; x_wconf 80' lang='lat' dir='ltr'><strong>rus</strong></span> <span class='ocrx_word' id='word_1_126' title='bbox 612 3238 982 3306; x_wconf 88' lang='lat' dir='ltr'><strong>columnam</strong></span> <span class='ocrx_word' id='word_1_127' title='bbox 1049 3235 1458 3311; x_wconf 88' lang='lat' dir='ltr'><strong>milliariam‚</strong></span> <span class='ocrx_word' id='word_1_128' title='bbox 1507 3252 1703 3319; x_wconf 72' lang='lat' dir='ltr'><strong>&#39;quae</strong></span> <span class='ocrx_word' id='word_1_129' title='bbox 1753 3257 1928 3301; x_wconf 85' lang='lat' dir='ltr'><strong>nune</strong></span> 
     </span>
     <span class='ocr_line' id='line_1_27' title="bbox 442 3334 1931 3421; baseline -0.004 -19"><span class='ocrx_word' id='word_1_130' title='bbox 442 3350 656 3403; x_wconf 84' lang='lat' dir='ltr'><strong>exstat</strong></span> <span class='ocrx_word' id='word_1_131' title='bbox 713 3335 942 3399; x_wconf 84' lang='lat' dir='ltr'><strong>Bndae</strong></span> <span class='ocrx_word' id='word_1_132' title='bbox 1008 3335 1078 3398; x_wconf 88' lang='lat' dir='ltr'><strong>in</strong></span> <span class='ocrx_word' id='word_1_133' title='bbox 1137 3354 1330 3411; x_wconf 85' lang='lat' dir='ltr'><strong>arce,</strong></span> <span class='ocrx_word' id='word_1_134' title='bbox 1392 3354 1543 3398; x_wconf 86' lang='lat' dir='ltr'><strong>cum</strong></span> <span class='ocrx_word' id='word_1_135' title='bbox 1601 3334 1732 3399; x_wconf 87' lang='lat' dir='ltr'><strong>hoc</strong></span> <span class='ocrx_word' id='word_1_136' title='bbox 1793 3336 1931 3421; x_wconf 81' lang='lat' dir='ltr'><strong>epi-</strong></span> 
     </span>
     <span class='ocr_line' id='line_1_28' title="bbox 440 3433 933 3524; baseline -0.008 -20"><span class='ocrx_word' id='word_1_137' title='bbox 440 3450 799 3524; x_wconf 80' lang='lat' dir='ltr'><strong>grammate</strong></span> <span class='ocrx_word' id='word_1_138' title='bbox 829 3433 933 3520; x_wconf 76' lang='lat'><strong>¹²)=</strong></span> 
     </span>
    </p>
   </div>
   <div class='ocr_carea' id='block_1_8' title="bbox 681 3571 1701 4145">
    <p class='ocr_par' dir='ltr' id='par_1_9' title="bbox 681 3571 1701 4145">
     <span class='ocr_line' id='line_1_29' title="bbox 960 3571 1425 3648; baseline -0.011 -12"><span class='ocrx_word' id='word_1_139' title='bbox 960 3573 1137 3636; x_wconf 81' lang='grc' dir='ltr'><strong>ῙΜΡ.</strong></span> <span class='ocrx_word' id='word_1_140' title='bbox 1183 3571 1425 3648; x_wconf 79' lang='lat' dir='ltr'><strong>CAES.</strong></span> 
     </span>
     <span class='ocr_line' id='line_1_30' title="bbox 792 3665 1569 3739; baseline 0 -1"><span class='ocrx_word' id='word_1_141' title='bbox 792 3677 888 3738; x_wconf 77' lang='grc' dir='ltr'><strong>Μ.</strong></span> <span class='ocrx_word' id='word_1_142' title='bbox 934 3673 1106 3739; x_wconf 81' lang='lat' dir='ltr'><strong>1V1..</strong></span> <span class='ocrx_word' id='word_1_143' title='bbox 1152 3665 1569 3738; x_wconf 80' lang='lat' dir='ltr'>PH1L1PPO</span> 
     </span>
     <span class='ocr_line' id='line_1_31' title="bbox 717 3771 1644 3843; baseline -0.005 -3"><span class='ocrx_word' id='word_1_144' title='bbox 717 3780 801 3840; x_wconf 86' lang='lat' dir='ltr'><strong>P.</strong></span> <span class='ocrx_word' id='word_1_145' title='bbox 860 3774 937 3837; x_wconf 82' lang='lat' dir='ltr'><strong>F.</strong></span> <span class='ocrx_word' id='word_1_146' title='bbox 1001 3776 1384 3843; x_wconf 81' lang='lat' dir='ltr'><strong>INVIC&#39;ro.</strong></span> <span class='ocrx_word' id='word_1_147' title='bbox 1441 3771 1644 3843; x_wconf 79' lang='lat' dir='ltr'><strong>AVG.</strong></span> 
     </span>
     <span class='ocr_line' id='line_1_32' title="bbox 681 3872 1701 3956; baseline -0.003 -13"><span class='ocrx_word' id='word_1_148' title='bbox 681 3874 1093 3942; x_wconf 69' lang='lat' dir='ltr'><strong>PAn‘rtco,</strong></span> <span class='ocrx_word' id='word_1_149' title='bbox 1141 3875 1298 3956; x_wconf 78' lang='lat' dir='ltr'><strong>(sic)</strong></span> <span class='ocrx_word' id='word_1_150' title='bbox 1341 3872 1701 3940; x_wconf 70' lang='lat' dir='ltr'><strong>Maxmo</strong></span> 
     </span>
     <span class='ocr_line' id='line_1_33' title="bbox 766 3976 1618 4042; baseline -0.005 0"><span class='ocrx_word' id='word_1_151' title='bbox 766 3979 996 4042; x_wconf 77' lang='lat' dir='ltr'><strong>Tmss.</strong></span> <span class='ocrx_word' id='word_1_152' title='bbox 1039 3976 1618 4040; x_wconf 71' lang='lat' dir='ltr'><strong>Po&#39;rEs‘ra&#39;rls.</strong></span> 
     </span>
     <span class='ocr_line' id='line_1_34' title="bbox 872 4076 1497 4145; baseline -0.003 -2"><span class='ocrx_word' id='word_1_153' title='bbox 872 4080 949 4143; x_wconf 82' lang='lat' dir='ltr'><strong>P.</strong></span> <span class='ocrx_word' id='word_1_154' title='bbox 994 4081 1072 4145; x_wconf 83' lang='grc' dir='ltr'><strong>Ρ.</strong></span> <span class='ocrx_word' id='word_1_155' title='bbox 1114 4076 1497 4143; x_wconf 81' lang='lat' dir='ltr'><strong>PROCOS.</strong></span> 
     </span>
    </p>
   </div>
   <div class='ocr_carea' id='block_1_9' title="bbox 424 4224 1974 4332">
    <p class='ocr_par' dir='ltr' id='par_1_10' title="bbox 424 4224 1974 4332">
     <span class='ocr_line' id='line_1_35' title="bbox 424 4224 1974 4332; baseline -0.005 -22"><span class='ocrx_word' id='word_1_156' title='bbox 424 4234 580 4310; x_wconf 60' lang='lat' dir='ltr'><strong>&#39;Nisi</strong></span> <span class='ocrx_word' id='word_1_157' title='bbox 616 4246 790 4310; x_wconf 78' lang='lat' dir='ltr'><strong>forte</strong></span> <span class='ocrx_word' id='word_1_158' title='bbox 838 4247 1163 4332; x_wconf 78' lang='lat' dir='ltr'><strong>privatum</strong></span> <span class='ocrx_word' id='word_1_159' title='bbox 1210 4224 1337 4308; x_wconf 83' lang='lat' dir='ltr'><strong>fuit</strong></span> <span class='ocrx_word' id='word_1_160' title='bbox 1376 4243 1761 4307; x_wconf 87' lang='lat' dir='ltr'><strong>Pannonum</strong></span> <span class='ocrx_word' id='word_1_161' title='bbox 1816 4240 1931 4305; x_wconf 87' lang='lat' dir='ltr'><strong>ob·</strong></span> <span class='ocrx_word' id='word_1_162' title='bbox 1970 4284 1974 4287; x_wconf 61' lang='grc'><strong>«</strong></span> 
     </span>
    </p>
   </div>
   <div class='ocr_carea' id='block_1_10' title="bbox 516 4518 1003 4622">
    <p class='ocr_par' dir='ltr' id='par_1_11' title="bbox 516 4518 1003 4622">
     <span class='ocr_line' id='line_1_36' title="bbox 516 4518 1003 4622; baseline 0.006 -22"><span class='ocrx_word' id='word_1_163' title='bbox 516 4551 577 4616; x_wconf 75' lang='lat' dir='ltr'><strong>a)</strong></span> <span class='ocrx_word' id='word_1_164' title='bbox 614 4518 747 4622; x_wconf 62' lang='lat' dir='ltr'><strong>p‘ag.</strong></span> <span class='ocrx_word' id='word_1_165' title='bbox 788 4556 912 4610; x_wconf 76' lang='lat'><strong>275.</strong></span> <span class='ocrx_word' id='word_1_166' title='bbox 956 4561 1003 4605; x_wconf 85' lang='lat'><strong>1.</strong></span> 
     </span>
    </p>
   </div>
   <div class='ocr_carea' id='block_1_11' title="bbox 3372 447 3514 521">
    <p class='ocr_par' dir='ltr' id='par_1_12' title="bbox 3372 447 3514 521">
     <span class='ocr_line' id='line_1_37' title="bbox 3372 447 3514 521; baseline 0.056 -9"><span class='ocrx_word' id='word_1_167' title='bbox 3372 447 3514 521; x_wconf 80' lang='lat'><strong>331</strong></span> 
     </span>
    </p>
   </div>
   <div class='ocr_carea' id='block_1_12' title="bbox 2041 598 3538 995">
    <p class='ocr_par' dir='ltr' id='par_1_13' title="bbox 2041 598 3538 995">
     <span class='ocr_line' id='line_1_38' title="bbox 2045 598 3537 696; baseline 0.005 -22"><span class='ocrx_word' id='word_1_168' title='bbox 2045 611 2344 696; x_wconf 88' lang='lat' dir='ltr'><strong>sequium</strong></span> <span class='ocrx_word' id='word_1_169' title='bbox 2367 655 2385 687; x_wconf 89' lang='lat'>‚</span> <span class='ocrx_word' id='word_1_170' title='bbox 2428 610 2721 676; x_wconf 86' lang='lat' dir='ltr'><strong>Parthici</strong></span> <span class='ocrx_word' id='word_1_171' title='bbox 2749 598 3022 676; x_wconf 85' lang='lat' dir='ltr'><strong>titulum</strong></span> <span class='ocrx_word' id='word_1_172' title='bbox 3041 613 3409 680; x_wconf 86' lang='lat' dir='ltr'><strong>inconsulta</strong></span> <span class='ocrx_word' id='word_1_173' title='bbox 3424 636 3537 681; x_wconf 83' lang='lat' dir='ltr'><strong>cn-</strong></span> 
     </span>
     <span class='ocr_line' id='line_1_39' title="bbox 2041 708 3538 798; baseline 0.007 -25"><span class='ocrx_word' id='word_1_174' title='bbox 2041 712 2137 774; x_wconf 88' lang='lat' dir='ltr'><strong>ria</strong></span> <span class='ocrx_word' id='word_1_175' title='bbox 2171 713 2466 775; x_wconf 84' lang='lat' dir='ltr'><strong>Romana</strong></span> <span class='ocrx_word' id='word_1_176' title='bbox 2508 708 2815 798; x_wconf 86' lang='lat' dir='ltr'><strong>Philippo</strong></span> <span class='ocrx_word' id='word_1_177' title='bbox 2864 715 3395 793; x_wconf 83' lang='lat' dir='ltr'><strong>decernentium,</strong></span> <span class='ocrx_word' id='word_1_178' title='bbox 3439 719 3538 789; x_wconf 76' lang='lat' dir='ltr'><strong>vi,-</strong></span> 
     </span>
     <span class='ocr_line' id='line_1_40' title="bbox 2045 812 3536 900; baseline 0.006 -27"><span class='ocrx_word' id='word_1_179' title='bbox 2045 812 2241 875; x_wconf 81' lang='lat' dir='ltr'><strong>detur</strong></span> <span class='ocrx_word' id='word_1_180' title='bbox 2284 814 2413 879; x_wconf 86' lang='lat' dir='ltr'><strong>hoc</strong></span> <span class='ocrx_word' id='word_1_181' title='bbox 2441 830 2703 878; x_wconf 87' lang='lat' dir='ltr'><strong>ornatus</strong></span> <span class='ocrx_word' id='word_1_182' title='bbox 2742 816 2964 898; x_wconf 86' lang='lat' dir='ltr'><strong>elogio</strong></span> <span class='ocrx_word' id='word_1_183' title='bbox 2997 836 3130 877; x_wconf 90' lang='lat' dir='ltr'><strong>non</strong></span> <span class='ocrx_word' id='word_1_184' title='bbox 3164 816 3428 900; x_wconf 87' lang='lat' dir='ltr'><strong>quidem</strong></span> <span class='ocrx_word' id='word_1_185' title='bbox 3447 817 3536 881; x_wconf 88' lang='lat' dir='ltr'><strong>ob</strong></span> 
     </span>
     <span class='ocr_line' id='line_1_41' title="bbox 2042 913 3536 995; baseline 0.004 -19"><span class='ocrx_word' id='word_1_186' title='bbox 2042 913 2252 976; x_wconf 65' lang='lat' dir='ltr'><strong>victos</strong></span> <span class='ocrx_word' id='word_1_187' title='bbox 2291 917 2571 979; x_wconf 86' lang='lat' dir='ltr'><strong>Parthos</strong></span> <span class='ocrx_word' id='word_1_188' title='bbox 2593 963 2640 995; x_wconf 65' lang='lat'><strong>,‚</strong></span> <span class='ocrx_word' id='word_1_189' title='bbox 2673 916 2789 979; x_wconf 82' lang='lat' dir='ltr'><strong>sed</strong></span> <span class='ocrx_word' id='word_1_190' title='bbox 2837 916 2920 977; x_wconf 93' lang='lat' dir='ltr'><strong>ob</strong></span> <span class='ocrx_word' id='word_1_191' title='bbox 2972 914 3347 983; x_wconf 79' lang='lat' dir='ltr'><strong>conclusam</strong></span> <span class='ocrx_word' id='word_1_192' title='bbox 3383 937 3536 981; x_wconf 84' lang='lat' dir='ltr'><strong>cum</strong></span> 
     </span>
    </p>
   </div>
   <div class='ocr_carea' id='block_1_13' title="bbox 1998 1015 3541 1103">
    <p class='ocr_par' dir='ltr' id='par_1_14' title="bbox 1998 1015 3541 1103">
     <span class='ocr_line' id='line_1_42' title="bbox 1998 1015 3541 1103; baseline 0.005 -28"><span class='ocrx_word' id='word_1_193' title='bbox 1998 1040 2005 1045; x_wconf 90' lang='lat'><strong>·</strong></span> <span class='ocrx_word' id='word_1_194' title='bbox 2041 1015 2122 1075; x_wconf 83' lang='lat' dir='ltr'><strong>iis</strong></span> <span class='ocrx_word' id='word_1_195' title='bbox 2173 1035 2440 1098; x_wconf 87' lang='lat' dir='ltr'><strong>pacem,</strong></span> <span class='ocrx_word' id='word_1_196' title='bbox 2511 1039 2705 1101; x_wconf 82' lang='lat' dir='ltr'><strong>quam.</strong></span> <span class='ocrx_word' id='word_1_197' title='bbox 2749 1018 2954 1099; x_wconf 85' lang='lat' dir='ltr'><strong>ipsam</strong></span> <span class='ocrx_word' id='word_1_198' title='bbox 3008 1017 3075 1076; x_wconf 89' lang='lat' dir='ltr'><strong>in</strong></span> <span class='ocrx_word' id='word_1_199' title='bbox 3117 1016 3541 1103; x_wconf 76' lang='lat' dir='ltr'><strong>numis&#39;quo-</strong></span> 
     </span>
    </p>
   </div>
   <div class='ocr_carea' id='block_1_14' title="bbox 2041 1114 3539 1482">
    <p class='ocr_par' dir='ltr' id='par_1_15' title="bbox 2041 1114 3539 1482">
     <span class='ocr_line' id='line_1_43' title="bbox 2044 1114 3538 1199; baseline 0.005 -24"><span class='ocrx_word' id='word_1_200' title='bbox 2044 1134 2171 1199; x_wconf 91' lang='lat' dir='ltr'><strong>que</strong></span> <span class='ocrx_word' id='word_1_201' title='bbox 2215 1115 2515 1197; x_wconf 79' lang='lat' dir='ltr'><strong>jactavit,</strong></span> <span class='ocrx_word' id='word_1_202' title='bbox 2559 1118 2934 1199; x_wconf 80' lang='lat' dir='ltr'><strong>inscriptis:</strong></span> <span class='ocrx_word' id='word_1_203' title='bbox 2977 1117 3172 1177; x_wconf 79' lang='lat' dir='ltr'><strong>PAX.</strong></span> <span class='ocrx_word' id='word_1_204' title='bbox 3205 1114 3538 1189; x_wconf 57' lang='lat' dir='ltr'><strong>FVNDAJ-</strong></span> 
     </span>
     <span class='ocr_line' id='line_1_44' title="bbox 2042 1217 3539 1302; baseline 0.003 -25"><span class='ocrx_word' id='word_1_205' title='bbox 2042 1218 2177 1278; x_wconf 79' lang='lat' dir='ltr'><strong>TA.</strong></span> <span class='ocrx_word' id='word_1_206' title='bbox 2230 1217 2434 1284; x_wconf 81' lang='lat' dir='ltr'><strong>CVM.</strong></span> <span class='ocrx_word' id='word_1_207' title='bbox 2493 1219 2839 1293; x_wconf 77' lang='lat' dir='ltr'>PERS1S,</span> <span class='ocrx_word' id='word_1_208' title='bbox 2904 1238 3068 1302; x_wconf 89' lang='lat' dir='ltr'><strong>quos</strong></span> <span class='ocrx_word' id='word_1_209' title='bbox 3117 1218 3310 1280; x_wconf 82' lang='lat' dir='ltr'><strong>altius</strong></span> <span class='ocrx_word' id='word_1_210' title='bbox 3370 1218 3539 1282; x_wconf 78' lang='lat' dir='ltr'><strong>indi-</strong></span> 
     </span>
     <span class='ocr_line' id='line_1_45' title="bbox 2041 1306 3537 1403; baseline 0.002 -22"><span class='ocrx_word' id='word_1_211' title='bbox 2041 1318 2354 1382; x_wconf 83' lang='lat' dir='ltr'><strong>cavimus.</strong></span> <span class='ocrx_word' id='word_1_212' title='bbox 2443 1306 2689 1403; x_wconf 60' lang='lat' dir='ltr'><strong>In&#39;ejus</strong></span> <span class='ocrx_word' id='word_1_213' title='bbox 2731 1332 2994 1382; x_wconf 88' lang='lat' dir='ltr'><strong>moneta</strong></span> <span class='ocrx_word' id='word_1_214' title='bbox 3027 1317 3135 1381; x_wconf 88' lang='lat' dir='ltr'><strong>bic</strong></span> <span class='ocrx_word' id='word_1_215' title='bbox 3171 1318 3399 1384; x_wconf 81' lang='lat' dir='ltr'><strong>titulus</strong></span> <span class='ocrx_word' id='word_1_216' title='bbox 3430 1338 3537 1384; x_wconf 82' lang='lat' dir='ltr'><strong>re·</strong></span> 
     </span>
     <span class='ocr_line' id='line_1_46' title="bbox 2041 1418 2373 1482; baseline 0 -1"><span class='ocrx_word' id='word_1_217' title='bbox 2041 1418 2304 1482; x_wconf 84' lang='lat' dir='ltr'><strong>ticetur.</strong></span> <span class='ocrx_word' id='word_1_218' title='bbox 2368 1464 2373 1473; x_wconf 85' lang='lat'><strong>.</strong></span> 
     </span>
    </p>
   </div>
   <div class='ocr_carea' id='block_1_15' title="bbox 2445 1643 3104 1719">
    <p class='ocr_par' dir='ltr' id='par_1_16' title="bbox 2445 1643 3104 1719">
     <span class='ocr_line' id='line_1_47' title="bbox 2445 1643 3104 1719; baseline -0.005 -16"><span class='ocrx_word' id='word_1_219' title='bbox 2445 1644 2544 1705; x_wconf 79' lang='lat' dir='ltr'><strong>De</strong></span> <span class='ocrx_word' id='word_1_220' title='bbox 2586 1643 2732 1705; x_wconf 71' lang='lat' dir='ltr'><strong>trib.</strong></span> <span class='ocrx_word' id='word_1_221' title='bbox 2768 1649 3104 1719; x_wconf 76' lang='lat' dir='ltr'><strong>potestate.</strong></span> 
     </span>
    </p>
   </div>
   <div class='ocr_carea' id='block_1_16' title="bbox 2037 1821 3532 2008">
    <p class='ocr_par' dir='ltr' id='par_1_17' title="bbox 2037 1821 3532 2008">
     <span class='ocr_line' id='line_1_48' title="bbox 2162 1821 3532 1907; baseline 0.001 -21"><span class='ocrx_word' id='word_1_222' title='bbox 2162 1826 2267 1886; x_wconf 86' lang='lat' dir='ltr'><strong>De</strong></span> <span class='ocrx_word' id='word_1_223' title='bbox 2318 1823 2442 1887; x_wconf 88' lang='lat' dir='ltr'><strong>hac</strong></span> <span class='ocrx_word' id='word_1_224' title='bbox 2459 1868 2476 1899; x_wconf 91' lang='lat'>‚</span> <span class='ocrx_word' id='word_1_225' title='bbox 2507 1838 2607 1887; x_wconf 77' lang='lat' dir='ltr'><strong>&#39;et</strong></span> <span class='ocrx_word' id='word_1_226' title='bbox 2666 1822 3035 1907; x_wconf 87' lang='lat' dir='ltr'><strong>conjunctis</strong></span> <span class='ocrx_word' id='word_1_227' title='bbox 3059 1821 3532 1891; x_wconf 81' lang='lat' dir='ltr'><strong>consulatibus</strong></span> 
     </span>
     <span class='ocr_line' id='line_1_49' title="bbox 2037 1924 3107 2008; baseline -0.005 -21"><span class='ocrx_word' id='word_1_228' title='bbox 2037 1943 2308 2008; x_wconf 84' lang='lat' dir='ltr'><strong>agemus</strong></span> <span class='ocrx_word' id='word_1_229' title='bbox 2348 1925 2417 1986; x_wconf 87' lang='lat' dir='ltr'><strong>in</strong></span> <span class='ocrx_word' id='word_1_230' title='bbox 2451 1938 2730 1987; x_wconf 86' lang='lat' dir='ltr'><strong>tractatu</strong></span> <span class='ocrx_word' id='word_1_231' title='bbox 2770 1924 3107 2007; x_wconf 84' lang='lat' dir='ltr'><strong>singulari.</strong></span> 
     </span>
    </p>
   </div>
   <div class='ocr_carea' id='block_1_17' title="bbox 2575 2147 2961 2208">
    <p class='ocr_par' dir='ltr' id='par_1_18' title="bbox 2575 2147 2961 2208">
     <span class='ocr_line' id='line_1_50' title="bbox 2575 2147 2961 2208; baseline -0.003 0"><span class='ocrx_word' id='word_1_232' title='bbox 2575 2160 2602 2177; x_wconf 71' lang='lat'>⁵</span> <span class='ocrx_word' id='word_1_233' title='bbox 2645 2147 2961 2208; x_wconf 79' lang='lat' dir='ltr'><strong>Consul.</strong></span> 
     </span>
    </p>
   </div>
   <div class='ocr_carea' id='block_1_18' title="bbox 2040 2324 3540 3420">
    <p class='ocr_par' dir='ltr' id='par_1_19' title="bbox 2040 2324 3540 3420">
     <span class='ocr_line' id='line_1_51' title="bbox 2168 2324 3537 2405; baseline 0.002 -15"><span class='ocrx_word' id='word_1_234' title='bbox 2168 2328 2367 2391; x_wconf 89' lang='lat' dir='ltr'><strong>Numi</strong></span> <span class='ocrx_word' id='word_1_235' title='bbox 2398 2325 2736 2391; x_wconf 87' lang='lat' dir='ltr'><strong>commatis</strong></span> <span class='ocrx_word' id='word_1_236' title='bbox 2752 2326 2833 2386; x_wconf 81' lang='lat' dir='ltr'><strong>R.</strong></span> <span class='ocrx_word' id='word_1_237' title='bbox 2853 2371 2871 2403; x_wconf 88' lang='lat'>‚</span> <span class='ocrx_word' id='word_1_238' title='bbox 2917 2324 3067 2389; x_wconf 78' lang='lat' dir='ltr'><strong>fasti</strong></span> <span class='ocrx_word' id='word_1_239' title='bbox 3102 2326 3354 2405; x_wconf 85' lang='lat' dir='ltr'><strong>omnes,</strong></span> <span class='ocrx_word' id='word_1_240' title='bbox 3382 2329 3537 2393; x_wconf 87' lang='lat' dir='ltr'><strong>alia-</strong></span> 
     </span>
     <span class='ocr_line' id='line_1_52' title="bbox 2042 2426 3539 2514; baseline 0.001 -24"><span class='ocrx_word' id='word_1_241' title='bbox 2042 2448 2172 2514; x_wconf 87' lang='lat' dir='ltr'><strong>que</strong></span> <span class='ocrx_word' id='word_1_242' title='bbox 2224 2441 2644 2490; x_wconf 85' lang='lat' dir='ltr'><strong>monumenta</strong></span> <span class='ocrx_word' id='word_1_243' title='bbox 2705 2426 3016 2510; x_wconf 87' lang='lat' dir='ltr'><strong>Philippo</strong></span> <span class='ocrx_word' id='word_1_244' title='bbox 3077 2429 3338 2490; x_wconf 87' lang='lat' dir='ltr'><strong>nonnisi</strong></span> <span class='ocrx_word' id='word_1_245' title='bbox 3384 2451 3539 2494; x_wconf 87' lang='lat' dir='ltr'><strong>con-</strong></span> 
     </span>
     <span class='ocr_line' id='line_1_53' title="bbox 2043 2528 3537 2607; baseline -0.001 -14"><span class='ocrx_word' id='word_1_246' title='bbox 2043 2532 2290 2593; x_wconf 81' lang='lat' dir='ltr'><strong>su&#39;latns</strong></span> <span class='ocrx_word' id='word_1_247' title='bbox 2354 2533 2467 2593; x_wconf 82' lang='lat'><strong>111.</strong></span> <span class='ocrx_word' id='word_1_248' title='bbox 2538 2528 2868 2603; x_wconf 86' lang='lat' dir='ltr'><strong>tribuunt,</strong></span> <span class='ocrx_word' id='word_1_249' title='bbox 2933 2530 3060 2591; x_wconf 90' lang='lat' dir='ltr'><strong>soli</strong></span> <span class='ocrx_word' id='word_1_250' title='bbox 3118 2530 3537 2607; x_wconf 81' lang='lat' dir='ltr'><strong>Antiocheni‚</strong></span> 
     </span>
     <span class='ocr_line' id='line_1_54' title="bbox 2044 2629 3537 2714; baseline 0.001 -23"><span class='ocrx_word' id='word_1_251' title='bbox 2044 2649 2262 2714; x_wconf 88' lang='lat' dir='ltr'><strong>neque</strong></span> <span class='ocrx_word' id='word_1_252' title='bbox 2315 2631 2555 2712; x_wconf 82' lang='lat' dir='ltr'><strong>exiguo</strong></span> <span class='ocrx_word' id='word_1_253' title='bbox 2614 2629 2683 2690; x_wconf 88' lang='lat' dir='ltr'><strong>hi</strong></span> <span class='ocrx_word' id='word_1_254' title='bbox 2733 2649 3051 2704; x_wconf 89' lang='lat' dir='ltr'><strong>numero,</strong></span> <span class='ocrx_word' id='word_1_255' title='bbox 3114 2631 3380 2693; x_wconf 87' lang='lat' dir='ltr'><strong>omnino</strong></span> <span class='ocrx_word' id='word_1_256' title='bbox 3422 2632 3537 2701; x_wconf 83' lang='lat' dir='ltr'><strong>lv.</strong></span> 
     </span>
     <span class='ocr_line' id='line_1_55' title="bbox 2044 2725 3536 2814; baseline 0.003 -23"><span class='ocrx_word' id='word_1_257' title='bbox 2044 2730 2364 2814; x_wconf 78' lang='lat' dir='ltr'><strong>inscripto</strong></span> <span class='ocrx_word' id='word_1_258' title='bbox 2413 2726 2837 2795; x_wconf 79' lang='lat' dir='ltr'><strong>ARMAPx.</strong></span> <span class='ocrx_word' id='word_1_259' title='bbox 2884 2726 3010 2791; x_wconf 80' lang='grc' dir='ltr'><strong>ΕΞ.</strong></span> <span class='ocrx_word' id='word_1_260' title='bbox 3066 2725 3415 2795; x_wconf 79' lang='grc' dir='ltr'><strong>ΤΠΑΤΟ.</strong></span> <span class='ocrx_word' id='word_1_261' title='bbox 3453 2730 3536 2795; x_wconf 91' lang='grc' dir='ltr'><strong>Δ.</strong></span> 
     </span>
     <span class='ocr_line' id='line_1_56' title="bbox 2040 2829 3540 2917; baseline -0.001 -21"><span class='ocrx_word' id='word_1_262' title='bbox 2040 2833 2257 2917; x_wconf 83' lang='lat' dir='ltr'><strong>Atque</strong></span> <span class='ocrx_word' id='word_1_263' title='bbox 2331 2830 2458 2893; x_wconf 84' lang='lat' dir='ltr'><strong>hos</strong></span> <span class='ocrx_word' id='word_1_264' title='bbox 2532 2829 2888 2895; x_wconf 81' lang='lat' dir='ltr'><strong>Gallandus</strong></span> <span class='ocrx_word' id='word_1_265' title='bbox 2963 2832 3030 2893; x_wconf 93' lang='lat' dir='ltr'><strong>in</strong></span> <span class='ocrx_word' id='word_1_266' title='bbox 3107 2830 3385 2914; x_wconf 86' lang='lat' dir='ltr'><strong>epistola</strong></span> <span class='ocrx_word' id='word_1_267' title='bbox 3455 2832 3540 2894; x_wconf 82' lang='lat' dir='ltr'><strong>ad</strong></span> 
     </span>
     <span class='ocr_line' id='line_1_57' title="bbox 2043 2932 3539 3017; baseline 0.003 -20"><span class='ocrx_word' id='word_1_268' title='bbox 2043 2932 2542 3006; x_wconf 76' lang='lat' dir='ltr'><strong>G&#39;rainvillium‚</strong></span> <span class='ocrx_word' id='word_1_269' title='bbox 2600 2952 2767 3017; x_wconf 90' lang='lat' dir='ltr'><strong>quae</strong></span> <span class='ocrx_word' id='word_1_270' title='bbox 2830 2945 3041 2994; x_wconf 83' lang='lat' dir='ltr'><strong>exstat</strong></span> <span class='ocrx_word' id='word_1_271' title='bbox 3096 2935 3165 2997; x_wconf 91' lang='lat' dir='ltr'><strong>in</strong></span> <span class='ocrx_word' id='word_1_272' title='bbox 3207 2937 3539 3002; x_wconf 79' lang='lat' dir='ltr'><strong>Miscella-</strong></span> 
     </span>
     <span class='ocr_line' id='line_1_58' title="bbox 2042 3034 3538 3108; baseline 0.003 -12"><span class='ocrx_word' id='word_1_273' title='bbox 2042 3035 2188 3099; x_wconf 89' lang='lat' dir='ltr'><strong>neis</strong></span> <span class='ocrx_word' id='word_1_274' title='bbox 2221 3034 2736 3098; x_wconf 85' lang='lat' dir='ltr'><strong>observationib.</strong></span> <span class='ocrx_word' id='word_1_275' title='bbox 2769 3035 2915 3097; x_wconf 89' lang='lat' dir='ltr'><strong>crit.</strong></span> <span class='ocrx_word' id='word_1_276' title='bbox 2946 3038 3135 3098; x_wconf 85' lang='lat' dir='ltr'><strong>novis</strong></span> <span class='ocrx_word' id='word_1_277' title='bbox 3173 3040 3385 3100; x_wconf 86' lang='lat' dir='ltr'><strong>Tomo</strong></span> <span class='ocrx_word' id='word_1_278' title='bbox 3418 3040 3538 3108; x_wconf 81' lang='lat' dir='ltr'><strong>IV.</strong></span> 
     </span>
     <span class='ocr_line' id='line_1_59' title="bbox 2041 3133 3538 3224; baseline 0.001 -24"><span class='ocrx_word' id='word_1_279' title='bbox 2041 3158 2115 3221; x_wconf 82' lang='lat' dir='ltr'><strong>p.</strong></span> <span class='ocrx_word' id='word_1_280' title='bbox 2158 3136 2317 3218; x_wconf 75' lang='lat'>275‚</span> <span class='ocrx_word' id='word_1_281' title='bbox 2370 3133 2534 3197; x_wconf 86' lang='lat' dir='ltr'><strong>tanti</strong></span> <span class='ocrx_word' id='word_1_282' title='bbox 2575 3147 2792 3218; x_wconf 89' lang='lat' dir='ltr'><strong>putat,</strong></span> <span class='ocrx_word' id='word_1_283' title='bbox 2857 3149 2930 3199; x_wconf 85' lang='lat' dir='ltr'><strong>nt</strong></span> <span class='ocrx_word' id='word_1_284' title='bbox 2975 3136 3313 3214; x_wconf 87' lang='lat' dir='ltr'><strong>omnibus,</strong></span> <span class='ocrx_word' id='word_1_285' title='bbox 3376 3158 3538 3224; x_wconf 87' lang='lat' dir='ltr'><strong>quas</strong></span> 
     </span>
     <span class='ocr_line' id='line_1_60' title="bbox 2043 3236 3535 3321; baseline 0.004 -25"><span class='ocrx_word' id='word_1_286' title='bbox 2043 3236 2445 3309; x_wconf 84' lang='lat' dir='ltr'><strong>memoravi,</strong></span> <span class='ocrx_word' id='word_1_287' title='bbox 2492 3236 2994 3298; x_wconf 80' lang='lat' dir='ltr'><strong>auctoritatibus</strong></span> <span class='ocrx_word' id='word_1_288' title='bbox 3019 3239 3408 3321; x_wconf 82' lang='lat' dir='ltr'><strong>contemptis</strong></span> <span class='ocrx_word' id='word_1_289' title='bbox 3449 3240 3535 3303; x_wconf 87' lang='lat' dir='ltr'><strong>si·</strong></span> 
     </span>
     <span class='ocr_line' id='line_1_61' title="bbox 2041 3334 3540 3420; baseline 0.004 -24"><span class='ocrx_word' id='word_1_290' title='bbox 2041 3335 2113 3401; x_wconf 88' lang='lat' dir='ltr'><strong>bi</strong></span> <span class='ocrx_word' id='word_1_291' title='bbox 2161 3334 2555 3418; x_wconf 88' lang='lat' dir='ltr'><strong>permissum</strong></span> <span class='ocrx_word' id='word_1_292' title='bbox 2606 3348 2900 3416; x_wconf 89' lang='lat' dir='ltr'><strong>putaret,</strong></span> <span class='ocrx_word' id='word_1_293' title='bbox 2946 3337 3255 3420; x_wconf 87' lang='lat' dir='ltr'><strong>Philippo</strong></span> <span class='ocrx_word' id='word_1_294' title='bbox 3306 3358 3540 3402; x_wconf 89' lang='lat' dir='ltr'><strong>consu-</strong></span> 
     </span>
    </p>
   </div>
   <div class='ocr_carea' id='block_1_19' title="bbox 1936 3432 3539 3520">
    <p class='ocr_par' dir='ltr' id='par_1_20' title="bbox 1936 3432 3539 3520">
     <span class='ocr_line' id='line_1_62' title="bbox 1936 3432 3539 3520; baseline 0.001 -22"><span class='ocrx_word' id='word_1_295' title='bbox 1936 3517 1941 3520; x_wconf 74' lang='lat'><em>,</em></span> <span class='ocrx_word' id='word_1_296' title='bbox 2040 3435 2246 3499; x_wconf 87' lang='lat' dir='ltr'><strong>latum</strong></span> <span class='ocrx_word' id='word_1_297' title='bbox 2290 3435 2403 3500; x_wconf 82' lang='lat' dir='ltr'><strong>IV.</strong></span> <span class='ocrx_word' id='word_1_298' title='bbox 2434 3433 2768 3496; x_wconf 86' lang='lat' dir='ltr'><strong>adserere.</strong></span> <span class='ocrx_word' id='word_1_299' title='bbox 2815 3433 2932 3495; x_wconf 89' lang='lat' dir='ltr'><strong>Sin</strong></span> <span class='ocrx_word' id='word_1_300' title='bbox 2966 3432 3180 3510; x_wconf 81' lang='lat' dir='ltr'><strong>istud,</strong></span> <span class='ocrx_word' id='word_1_301' title='bbox 3225 3436 3392 3499; x_wconf 87' lang='lat' dir='ltr'><strong>nihil</strong></span> <span class='ocrx_word' id='word_1_302' title='bbox 3424 3437 3539 3500; x_wconf 87' lang='lat' dir='ltr'><strong>ob-</strong></span> 
     </span>
    </p>
   </div>
   <div class='ocr_carea' id='block_1_20' title="bbox 2041 3533 3538 3921">
    <p class='ocr_par' dir='ltr' id='par_1_21' title="bbox 2041 3525 3538 3921">
     <span class='ocr_line' id='line_1_63' title="bbox 2043 3533 3533 3623; baseline 0.001 -23"><span class='ocrx_word' id='word_1_303' title='bbox 2043 3550 2183 3612; x_wconf 84' lang='lat' dir='ltr'><strong>est,</strong></span> <span class='ocrx_word' id='word_1_304' title='bbox 2246 3553 2379 3619; x_wconf 87' lang='lat' dir='ltr'><strong>quo</strong></span> <span class='ocrx_word' id='word_1_305' title='bbox 2425 3534 2642 3596; x_wconf 87' lang='lat' dir='ltr'><strong>minus</strong></span> <span class='ocrx_word' id='word_1_306' title='bbox 2698 3533 3218 3599; x_wconf 86' lang='lat' dir='ltr'><strong>Diadumeniano</strong></span> <span class='ocrx_word' id='word_1_307' title='bbox 3272 3557 3533 3623; x_wconf 87' lang='lat' dir='ltr'><strong>quoque</strong></span> 
     </span>
     <span class='ocr_line' id='line_1_64' title="bbox 2044 3634 3538 3720; baseline 0.001 -20"><span class='ocrx_word' id='word_1_308' title='bbox 2044 3634 2420 3700; x_wconf 88' lang='lat' dir='ltr'><strong>consulatus</strong></span> <span class='ocrx_word' id='word_1_309' title='bbox 2456 3637 2568 3704; x_wconf 84' lang='lat' dir='ltr'><strong>IV.</strong></span> <span class='ocrx_word' id='word_1_310' title='bbox 2603 3634 2995 3711; x_wconf 83' lang='lat' dir='ltr'><strong>tribuamus,</strong></span> <span class='ocrx_word' id='word_1_311' title='bbox 3043 3635 3193 3719; x_wconf 88' lang='lat' dir='ltr'><strong>quia</strong></span> <span class='ocrx_word' id='word_1_312' title='bbox 3234 3636 3304 3697; x_wconf 88' lang='lat' dir='ltr'><strong>in</strong></span> <span class='ocrx_word' id='word_1_313' title='bbox 3342 3638 3538 3720; x_wconf 85' lang='lat' dir='ltr'><strong>hujus</strong></span> 
     </span>
     <span class='ocr_line' id='line_1_65' title="bbox 2046 3734 3534 3820; baseline -0.001 -20"><span class='ocrx_word' id='word_1_314' title='bbox 2046 3738 2241 3800; x_wconf 87' lang='lat' dir='ltr'><strong>etiam</strong></span> <span class='ocrx_word' id='word_1_315' title='bbox 2294 3736 2510 3798; x_wconf 87' lang='lat' dir='ltr'><strong>numis</strong></span> <span class='ocrx_word' id='word_1_316' title='bbox 2538 3734 3002 3812; x_wconf 81' lang='lat' dir='ltr'><strong>Antiochenis‚</strong></span> <span class='ocrx_word' id='word_1_317' title='bbox 3047 3737 3258 3820; x_wconf 89' lang='lat' dir='ltr'><strong>iisque</strong></span> <span class='ocrx_word' id='word_1_318' title='bbox 3302 3738 3534 3813; x_wconf 80' lang='lat' dir='ltr'><strong>obviis,</strong></span> 
     </span>
     <span class='ocr_line' id='line_1_66' title="bbox 2041 3832 3535 3921; baseline 0 -21"><span class='ocrx_word' id='word_1_319' title='bbox 2041 3838 2293 3921; x_wconf 85' lang='lat' dir='ltr'><strong>legitur</strong></span> <span class='ocrx_word' id='word_1_320' title='bbox 2333 3832 2739 3897; x_wconf 79' lang='lat' dir='ltr'><strong>THATOC.</strong></span> <span class='ocrx_word' id='word_1_321' title='bbox 2792 3834 2937 3916; x_wconf 89' lang='lat' dir='ltr'><strong>TO.</strong></span> <span class='ocrx_word' id='word_1_322' title='bbox 2973 3835 3091 3912; x_wconf 76' lang='lat' dir='ltr'><strong>A..</strong></span> <span class='ocrx_word' id='word_1_323' title='bbox 3152 3852 3225 3900; x_wconf 86' lang='lat' dir='ltr'><strong>ut</strong></span> <span class='ocrx_word' id='word_1_324' title='bbox 3287 3852 3535 3902; x_wconf 85' lang='lat' dir='ltr'><strong>taceam</strong></span> 
     </span>
    </p>
   </div>
   <div class='ocr_carea' id='block_1_21' title="bbox 2045 3936 3556 4019">
    <p class='ocr_par' dir='ltr' id='par_1_22' title="bbox 2045 3936 3556 4019">
     <span class='ocr_line' id='line_1_67' title="bbox 2045 3936 3556 4019; baseline 0.001 -19"><span class='ocrx_word' id='word_1_325' title='bbox 2045 3936 2313 4000; x_wconf 82' lang='lat' dir='ltr'><strong>infanda</strong></span> <span class='ocrx_word' id='word_1_326' title='bbox 2364 3936 2525 4011; x_wconf 86' lang='lat' dir='ltr'><strong>alia,</strong></span> <span class='ocrx_word' id='word_1_327' title='bbox 2583 3953 2750 4019; x_wconf 88' lang='lat' dir='ltr'><strong>quae</strong></span> <span class='ocrx_word' id='word_1_328' title='bbox 2805 3937 3372 4002; x_wconf 83' lang='lat' dir='ltr'><strong>Antiochenorum</strong></span> <span class='ocrx_word' id='word_1_329' title='bbox 3419 3937 3556 4002; x_wconf 73' lang='lat' dir='ltr'><strong>hn-&#39;</strong></span> 
     </span>
    </p>
   </div>
   <div class='ocr_carea' id='block_1_22' title="bbox 1979 4034 3534 4123">
    <p class='ocr_par' dir='ltr' id='par_1_23' title="bbox 1979 4034 3534 4123">
     <span class='ocr_line' id='line_1_68' title="bbox 1979 4034 3534 4123; baseline -0.004 -20"><span class='ocrx_word' id='word_1_330' title='bbox 1979 4037 1985 4043; x_wconf 81' lang='grc'><strong>’</strong></span> <span class='ocrx_word' id='word_1_331' title='bbox 2042 4038 2149 4123; x_wconf 81' lang='lat' dir='ltr'><strong>jus</strong></span> <span class='ocrx_word' id='word_1_332' title='bbox 2181 4037 2326 4101; x_wconf 79' lang='lat' dir='ltr'><strong>aevi</strong></span> <span class='ocrx_word' id='word_1_333' title='bbox 2356 4034 2838 4099; x_wconf 79' lang='lat' dir='ltr'><strong>tetradrachma</strong></span> <span class='ocrx_word' id='word_1_334' title='bbox 2879 4039 3319 4121; x_wconf 88' lang='lat' dir='ltr'><strong>promulgant.</strong></span> <span class='ocrx_word' id='word_1_335' title='bbox 3362 4041 3534 4107; x_wconf 83' lang='lat' dir='ltr'><strong>Vide</strong></span> 
     </span>
    </p>
   </div>
   <div class='ocr_carea' id='block_1_23' title="bbox 2042 4129 3537 4326">
    <p class='ocr_par' dir='ltr' id='par_1_24' title="bbox 2042 4129 3537 4326">
     <span class='ocr_line' id='line_1_69' title="bbox 2042 4129 3537 4221; baseline -0.001 -20"><span class='ocrx_word' id='word_1_336' title='bbox 2042 4140 2176 4202; x_wconf 88' lang='lat' dir='ltr'><strong>buc</strong></span> <span class='ocrx_word' id='word_1_337' title='bbox 2234 4136 2632 4221; x_wconf 82' lang='lat' dir='ltr'><strong>pertinentia</strong></span> <span class='ocrx_word' id='word_1_338' title='bbox 2694 4137 2890 4200; x_wconf 86' lang='lat' dir='ltr'><strong>etiam</strong></span> <span class='ocrx_word' id='word_1_339' title='bbox 2951 4137 3018 4199; x_wconf 90' lang='lat' dir='ltr'><strong>in</strong></span> <span class='ocrx_word' id='word_1_340' title='bbox 3076 4129 3338 4203; x_wconf 83' lang='lat' dir='ltr'><strong>moneta</strong></span> <span class='ocrx_word' id='word_1_341' title='bbox 3385 4141 3537 4201; x_wconf 87' lang='lat' dir='ltr'><strong>Phi-</strong></span> 
     </span>
     <span class='ocr_line' id='line_1_70' title="bbox 2045 4239 2389 4326; baseline 0.009 -26"><span class='ocrx_word' id='word_1_342' title='bbox 2045 4239 2213 4326; x_wconf 91' lang='lat' dir='ltr'><strong>lippi</strong></span> <span class='ocrx_word' id='word_1_343' title='bbox 2249 4239 2389 4323; x_wconf 88' lang='lat' dir='ltr'><strong>jun.</strong></span> 
     </span>
    </p>
   </div>
   <div class='ocr_carea' id='block_1_24' title="bbox 1185 4531 2334 4634">
    <p class='ocr_par' dir='ltr' id='par_1_25' title="bbox 1185 4531 2334 4634">
     <span class='ocr_line' id='line_1_71' title="bbox 1185 4531 2334 4634; baseline -0.001 -31"><span class='ocrx_word' id='word_1_344' title='bbox 1185 4546 1256 4620; x_wconf 87' lang='lat' dir='ltr'><strong>b)</strong></span> <span class='ocrx_word' id='word_1_345' title='bbox 1294 4531 1411 4606; x_wconf 80' lang='lat' dir='ltr'><strong>Iter</strong></span> <span class='ocrx_word' id='word_1_346' title='bbox 1448 4563 1558 4634; x_wconf 79' lang='lat' dir='ltr'><strong>per</strong></span> <span class='ocrx_word' id='word_1_347' title='bbox 1592 4545 1856 4605; x_wconf 85' lang='lat' dir='ltr'><strong>Pannon.</strong></span> <span class='ocrx_word' id='word_1_348' title='bbox 1897 4544 1959 4604; x_wconf 87' lang='lat' dir='ltr'><strong>P.</strong></span> <span class='ocrx_word' id='word_1_349' title='bbox 1998 4542 2070 4604; x_wconf 92' lang='lat'><strong>11.</strong></span> <span class='ocrx_word' id='word_1_350' title='bbox 2110 4559 2170 4617; x_wconf 83' lang='lat' dir='ltr'><strong>p·</strong></span> <span class='ocrx_word' id='word_1_351' title='bbox 2214 4552 2334 4603; x_wconf 78' lang='grc'>172-</span> 
     </span>
    </p>
   </div>
   <div class='ocr_carea' id='block_1_25' title="bbox 2938 4740 3134 4800">
    <p class='ocr_par' dir='ltr' id='par_1_26' title="bbox 2938 4740 3134 4800">
     <span class='ocr_line' id='line_1_72' title="bbox 2938 4740 3134 4800; baseline -0.01 0"><span class='ocrx_word' id='word_1_352' title='bbox 2938 4740 3134 4800; x_wconf 75' lang='lat' dir='ltr'><strong>Tta</strong></span> 
     </span>
    </p>
   </div>
  </div>
 </body>
</html>
