4652 5937
985 492 1083 567 M.
1187 490 1812 570 AVREles
1911 468 2648 573 ANToNlesss
3041 542 3046 549 κ
3285 522 3372 585 71

267 669 339 744 et
387 672 740 758 speciatim
766 673 850 737 de
900 675 1215 739 OPTIMI
1266 679 1659 762 cognomine
1703 678 1774 739 in

273 781 639 858 Traianum
690 777 932 841 collato
957 823 977 856 ‚
1046 793 1113 842 et
1160 782 1243 844 de
1273 780 1589 844 Hadriani
1623 781 1777 844 titu-

266 883 336 944 lo
366 881 581 964 patris
610 878 857 960 patriae
877 924 896 943 .

394 983 485 1043 At
515 981 704 1041 litem
739 980 902 1042 mihi
938 1004 973 1044 a
1007 985 1444 1049 marmoribus
1464 984 1772 1067 intentari

269 1084 464 1148 video
485 1128 504 1157 ,
574 1084 640 1142 in
677 1083 913 1164 quibus
960 1100 1027 1147 et
1062 1089 1139 1148 L.
1171 1088 1387 1153 Verus
1411 1092 1623 1167 patris
1648 1109 1769 1165 pa-

271 1193 436 1250 tn'ae
497 1182 724 1266 elogio
772 1182 1162 1266 decoratur,
1224 1203 1417 1272 atque
1459 1188 1601 1275 ipse
1637 1187 1769 1248 Au-

272 1287 479 1349 relius
530 1284 739 1345 multo
792 1288 1109 1349 maturius
1173 1311 1341 1352 auno
1392 1291 1471 1357 V.
1517 1292 1593 1353 C.
1644 1287 1769 1368 930

272 1415 310 1453 a
358 1408 463 1449 me
501 1384 797 1447 definito.
863 1389 1111 1454 Verum
1143 1390 1255 1474 qui
1300 1408 1557 1453 causam
1589 1409 1771 1450 suam

277 1492 715 1555 marmoribus
746 1509 946 1574 agere
995 1489 1341 1553 instituunt
1367 1534 1385 1567 ,
1446 1490 1775 1575 patienter

274 1594 521 1668 ferant,
601 1594 657 1655 si
720 1607 788 1656 et
842 1611 1072 1653 eorum
1124 1611 1381 1654 causam
1434 1591 1773 1653 marmori-

278 1695 398 1757 bus
430 1694 787 1758 involvam.
833 1695 997 1754 Nam
1046 1691 1102 1752 si
1158 1711 1282 1775 per
1324 1692 1769 1754 testimonium

274 1795 672 1879 Capitolini,
724 1808 797 1857 ut
841 1794 1096 1868 fertur,
1167 1793 1476 1855 Aurelius
1513 1792 1774 1857 nonnisi

281 1912 423 1982 post
463 1896 692 1957 fratris
752 1894 1075 1968 reditum,
1138 1907 1332 1978 atque
1379 1894 1543 1969 adeo
1587 1897 1669 1963 V.
1697 1897 1770 1958 C.

284 2015 402 2075 ou)
426 2038 444 2070 ,
489 2009 557 2056 et
594 1996 662 2054 in
697 2015 814 2058 suo
845 1994 1178 2056 tribunatu
1231 1993 1372 2056 XX.
1408 2015 1480 2056 se
1516 2011 1769 2078 patrem

282 2096 520 2183 patriae
562 2095 771 2170 dixit,
845 2116 970 2178 qua
1022 2093 1276 2156 ratione
1328 2094 1384 2155 is
1431 2095 1501 2155 in
1552 2096 1769 2180 lapide

180 2206 196 2221 ‘
283 2198 629 2261 Muratorii
688 2197 818 2280 jam
887 2195 957 2257 in
1012 2195 1347 2257 tribunatu
1406 2198 1578 2262 XVI.
1638 2197 1768 2260 hoc

283 2314 491 2383 potest
534 2300 732 2362 titulo
780 2297 1054 2380 gloriari
1087 2295 1190 2376 ὑὶ)
1246 2291 1355 2358 &sut
1402 2298 1597 2359 etiam
1642 2299 1771 2361 fra-

283 2411 381 2459 ter
409 2399 621 2463 Verus
664 2399 731 2459 in
758 2392 1210 2461 marmoribus
1256 2420 1573 2462 annorum
1618 2402 1763 2481 9¹5·

286 2500 400 2580 9ιὸ
428 2495 544 2579 ¹²)‘l
606 2500 924 2575 Accedit,
987 2501 1053 2560 in
1109 2500 1444 2585 plerisque
1490 2522 1771 2565 marmo-

284 2600 455 2662 ribus
496 2604 577 2664 ad
593 2602 939 2665 Aurelium
974 2601 1476 2684 pertinentibus,
1524 2617 1589 2665 et
1617 2618 1767 2666 ante

288 2725 514 2764 annum
542 2706 626 2771 V.
660 2704 734 2765 C.
772 2700 895 2783 930
920 2703 1185 2785 positis,
1230 2703 1462 2765 abesse
1488 2725 1767 2781 wevera,

286 2818 352 2865 ut
394 2805 723 2887 oportuit,
783 2806 986 2888 patris
1029 2806 1278 2888 patriae
1317 2805 1602 2890 elogium
1627 2851 1644 2883 ,
1700 2822 1768 2870 ut

224 2968 227 2974 ἱ
290 2904 475 2981 adeo,
520 2907 575 2967 si
611 2928 741 2990 qua
789 2919 977 2982 sunt,
1024 2927 1190 2990 quae
1228 2907 1541 2971 adversus
1572 2890 1770 2970 tradi-

294 3019 412 3068 tam
456 3009 758 3090 regulam
812 3022 1125 3089 peccant,
1187 3009 1377 3094 culpa
1423 3011 1634 3072 omnis
1685 3011 1770 3073 sit

294 3121 392 3169 aut
425 3129 625 3191 penes
664 3130 816 3184 eos,
862 3108 973 3192 qui
1018 3109 1587 3186 minus,adcurate
1636 3113 1772 3196 epi-

297 3229 567 3292 gramma
613 3210 1061 3293 exscripsere,
1125 3226 1232 3274 aut
1265 3232 1469 3293 penes
1501 3213 1773 3296 quadra·

296 3313 518 3387 tarios,
563 3311 676 3395 qui
713 3310 975 3371 titulum
1005 3312 1214 3388 hunc,
1254 3333 1456 3396 ‘quem
1486 3314 1770 3398 primum

296 3433 447 3473 anno
493 3415 571 3478 V.
615 3413 687 3473 C.
726 3414 891 3490 9ι4,
948 3410 1185 3474 deinde
1238 3415 1470 3475 iterato
1504 3413 1773 3494 quode-

298 3526 531 3573 cretum
565 3527 923 3587 noverant,
970 3513 1164 3575 etiam
1204 3497 1299 3576 ¹ab
1334 3528 1615 3598 utroque
1646 3515 1773 3575 Au·

301 3628 475 3697 gusto
515 3629 894 3697 susceptum
947 3615 1381 3691 crediderint,
1431 3616 1614 3698 cujus
1662 3634 1772 3698 ge-

298 3715 459 3776 neris
483 3717 702 3799 lapsus
720 3715 799 3788 ‚in
831 3717 1269 3778 monumentis
1299 3718 1652 3800 praecipue
1670 3717 1768 3793 iis,

305 3835 453 3898 quae
502 3820 566 3878 in
618 3818 978 3900 provinciis
1024 3832 1342 3901 concepta
1389 3831 1573 3894 sunt,
1637 3819 1771 3903 pri-

308 3913 439 3977 dem
471 3920 743 4002 cogniti.

420 4019 685 4100 Ajebam
727 4042 962 4105 supra,
1011 4020 1092 4083 ab
1118 4019 1394 4082 Aurelio
1427 4019 1602 4082 hunc
1622 4020 1770 4082 titu-

306 4118 424 4181 lum
458 4122 829 4207 adoptatum
884 4123 1097 4186 adhuc
1143 4135 1423 4191 excunte
1485 4143 1651 4184 anno
1685 4124 1766 4189 V.

307 4222 369 4281 C.
404 4241 537 4304 920·
584 4227 735 4306 Hoc
770 4240 842 4287 ut
879 4224 1275 4305 conjicerem
1300 4270 1317 4301 ,
1363 4224 1621 4306 impulit
1654 4246 1784 4324 nu-x

307 4341 434 4384 mus
486 4339 876 4408 argenteus,
923 4327 1033 4409 qui
1084 4350 1318 4401 sanus,
1378 4347 1451 4389 ac
1510 4327 1770 4410 integer

307 4438 492 4487 exstat
537 4426 600 4489 in
647 4448 945 4491 museum
975 4429 1365 4496 Caesareum
1395 4448 1642 4492 -recens
1671 4430 1763 4491 in-

307 4519 473 4587 latus.

403 4756 457 4825 a)
496 4757 623 4834 Pag.
659 4767 778 4821 188.
808 4759 861 4819 6.

2172 683 2263 743 M.
2297 682 2830 749 ANTONINVS.
2867 680 3069 753 AVG.
3106 683 3379 748 GERM.

2177 781 2439 848 SARM.
2506 787 2708 864 Caput
2740 789 3116 848 laureatum.

1887 884 2033 945 DE.
2081 881 2355 946 GERM.
2414 889 2555 949 TR.
2601 888 2682 949 P.
2730 887 2935 949 XXX.
2981 889 3158 951 IMP.
3200 888 3381 975 vm.

1890 985 2079 1050 COS.
2116 986 2229 1048 111.
2254 988 2329 1049 P.
2354 987 2429 1046 P.
2468 992 2835 1067 Tropaeum.
2891 988 3032 1053 AB.

2007 1086 2315 1150 Aurelius
2346 1087 2412 1148 in
2455 1089 2641 1150 nullo
2678 1108 2915 1165 numo,
2962 1111 3126 1173 quos
3160 1092 3383 1156 hacte-

1882 1210 2005 1249 nus
2053 1188 2365 1265 viderim,
2433 1191 2673 1253 dicitur
2703 1203 2888 1273 pater
2928 1192 3178 1272 patriae
3228 1207 3379 1256 ante

1883 1289 2036 1351 trib.
2081 1303 2473 1373 potestatem
2519 1291 2788 1354 ΧΧΧῙ.ἔ
2826 1290 3046 1384 Quare
3097 1305 3378 1376 tempus,

1887 1410 2016 1473 quo
2046 1390 2174 1453 hoc
2209 1390 2499 1474 elogium
2534 1390 2838 1466 adscivit,
2884 1392 3126 1472 pendet
3160 1407 3382 1456 atem·

1886 1509 2084 1573 pore,
2146 1512 2277 1573 quo
2328 1492 2693 1553 tribunatus
2737 1511 3086 1553 numerum
3132 1493 3378 1556 iterare

1884 1605 1988 1653 est
2006 1583 2260 1655 so'litus.
2309 1593 2472 1653 Cum
2506 1592 2815 1654 Aurelius
2853 1592 2919 1652 in
2956 1613 3101 1655 mea
3123 1607 3381 1656 senten-

1887 1693 2012 1768 tia,
2086 1714 2279 1776 quam
2344 1692 2500 1759 olim
2576 1694 2845 1775 copiose
2909 1692 3377 1777 comprobabo,

1887 1794 2285 1857 tribunatum
2320 1794 2554 1854 XXXI.
2590 1793 2856 1857 iniverit
2886 1796 3204 1857 Kalendis
3240 1799 3374 1860 Ian.

1886 1896 1965 1960 V.
2003 1896 2074 1954 C.
2139 1894 2302 1977 930,
2371 1913 2644 1957 necesse
2691 1908 2827 1971 est,
2881 1918 3149 1959 numum
3204 1898 3381 1965 hunc

1885 1994 2089 2057 fuisse
2151 1995 2473 2078 signatum
2537 2010 2819 2058 exeunte
2875 2019 3045 2060 anno
3108 2017 3382 2080 praece·

1886 2095 2082 2156 dente
2115 2114 2275 2179 929,
2323 2095 2500 2181 quod
2536 2082 3169 2180 nonimprobabile3
3227 2120 3380 2161 nam

1886 2209 2145 2258 exstant
2207 2196 2398 2259 etiam
2459 2197 2708 2281 similes
2779 2198 2978 2259 numiv
3033 2198 3381 2262 Commodi

1887 2298 2205 2371 Caesaris,
2254 2298 2366 2381 qui
2400 2312 2581 2360 certe
2613 2310 2760 2358 sunt
2778 2297 2971 2379 hujus
3008 2301 3189 2375 anni3
3226 2321 3379 2363 nam

1887 2398 1941 2457 si
1980 2412 2197 2459 essent
2232 2400 2383 2460 anni
2419 2402 2750 2483 sequentis
2790 2402 2950 2484 930,
2993 2422 3127 2462 non
3180 2402 3247 2461 in
3293 2400 3374 2463 iis

1886 2498 2162 2560 omissus
2216 2515 2389 2562 esset
2442 2503 2668 2565 titulus
2720 2503 2949 2577 COS.,
2995 2522 3125 2585 quo
3160 2501 3216 2562 is
3255 2501 3375 2564 illo

1885 2620 2052 2663 anno
2089 2598 2433 2683 insignitus
2458 2602 2604 2665 suit.
2665 2607 2869 2666 Causa
2901 2603 3241 2664 feriundae
3259 2603 3380 2664 hu-

1882 2700 1984 2784 jus
2032 2714 2333 2763 monetae
2376 2702 2500 2763 fuit
2560 2704 2928 2787 triumphus
2975 2704 3057 2765 de
3107 2704 3376 2766 Germa·

1883 2803 1983 2863 nis
2031 2815 2210 2864 actus
2247 2800 2355 2864 die
2396 2804 2627 2867 XXIII.
2661 2806 2827 2868 Dec.
2860 2807 2939 2867 V.
2979 2805 3052 2869 C.
3096 2822 3257 2887 929,
3303 2817 3380 2867 ut

1884 2904 1966 2967 ad
2023 2905 2196 2966 hunc
2231 2926 2466 2966 annum
2496 2951 2514 2984 ,
2562 2919 2628 2968 et
2660 2905 2958 2991 proxime
2989 2916 3430 2990 sequentem‘

1886 3008 1968 3068 de
2022 3008 2234 3067 numis
2287 3007 2482 3084 hujus
2547 3010 2915 3092 argumenti
2972 3009 3374 3070 disserentes
3410 3074 3428 3090 .

1887 3099 2485 3169 animadvertimus.
2549 3112 2635 3170 Et
2671 3130 2822 3172 sane
2863 3110 3220 3173 verisimile
3251 3122 3375 3185 est,

1886 3208 2060 3269 inter
2120 3211 2436 3294 triumphi
2497 3210 2641 3291 ejus
2704 3212 3082 3293 applausum
3171 3210 3383 3294 patris

1874 3309 2135 3391 ‘patriae
2169 3329 2413 3372 nomen
2448 3333 2706 3373 rursum
2744 3313 3082 3374 decretum
3127 3333 3163 3374 a
3193 3332 3378 3373 sena-

1888 3425 1999 3486 tu,
2043 3431 2118 3473 ac
2162 3410 2428 3474 demum
2477 3434 2508 3474 a
2544 3412 2908 3476 reluctante
2950 3412 3064 3474 diu
3104 3410 3377 3474 Aurelio
3443 3470 3450 3482 ,

1888 3512 2227 3573 adscitum.

2015 3613 2214 3678 Obvii
2250 3627 2397 3675 sunt
2430 3615 2611 3675 numi
2642 3614 2938 3699 argentei
2970 3614 3273 3698 inscripti
3306 3614 3376 3675 in

1886 3733 2112 3778 aversa
2163 3717 2307 3776 solo
2356 3717 2543 3779 COS.
2582 3719 2692 3777 111.
2728 3720 2802 3777 Ρ.
2835 3720 2909 3781 Ρ.
2939 3717 3137 3779 variis
3182 3715 3375 3798 typis.

1884 3818 2024 3875 Hos
2075 3816 2231 3876 olim
2293 3817 2357 3876 in
2411 3818 2723 3900 Catalogo
2788 3818 2999 3879 musei
3043 3818 3370 3891 Caesarei,

1882 3916 2185 3999 quoniam
2225 3931 2489 3997 praeter
2522 3917 2929 3987 consulatum
2963 3920 3078 3981 ΙΙΙ.
3115 3918 3372 3979 nullum

1886 4017 2082 4079 alium
2115 4017 2560 4079 characterem
2592 4018 3133 4101 chronologicum
3185 4037 3376 4101 prae-

1884 4117 2136 4188 ferunt.
2200 4120 2446 4180 inserui
2498 4120 2712 4181 numis
2773 4121 2922 4181 anni
2972 4121 3053 4186 V.
3103 4120 3175 4181 C.
3223 4127 3374 4200 914,

1884 4222 1963 4283 P.
1997 4223 2077 4282 X.
2121 4220 2226 4282 161
2256 4266 2272 4296 ‚
2320 4242 2450 4304 quo
2480 4241 2555 4282 re
2592 4221 2728 4305 ipsa
2776 4223 3007 4285 consul
3056 4223 3168 4283 111.
3220 4241 3374 4304 pro-

1885 4323 2083 4385 cessit
2112 4322 2453 4399 Aurelius,
2500 4335 2750 4383 temere
2783 4322 3086 4384 nimirum
3109 4337 3374 4386 secutus

1883 4425 2218 4488 oraculum
2269 4419 2598 4499 occonis,
2675 4424 3017 4507 scopulum
3066 4425 3221 4489 inde
3289 4427 3371 4488 ab

1884 4542 2033 4593 ortu
2082 4547 2200 4590 suo
2257 4525 2532 4589 eruditis
2582 4524 2869 4588 fatalem.
2913 4525 3003 4589 At
3048 4548 3208 4590 vero
3255 4548 3373 4610 po-

1009 4756 1078 4831 b)
1120 4757 1340 4818 Gruter
1372 4781 1502 4838 pag.
1533 4770 1661 4825 258.
1695 4770 1745 4819 2.
1779 4770 1836 4814 et
1867 4766 2025 4820 1082.
2055 4769 2105 4818 7.
2136 4753 2242 4811 bis
