4652 5937
1230 488 1324 553 23
2193 458 2928 535 ANTONINVS
3031 458 3342 538 PIVS.

1518 648 1731 715 DIVV
1738 645 1805 708 S.

1508 754 1750 812 nudum
1770 793 1786 822 ‚
1831 768 1981 809 raro
2028 750 2405 808 laureatum.

1226 848 1882 921 CONSECRATIO.
1923 851 2138 927 Roym
2163 890 2180 921 ‚
2226 850 2332 907 ve!
2362 849 2585 928 aquila
2617 868 2728 907 va-

1222 962 1326 1020 rio
1372 959 1537 1028 situ,
1580 954 1686 1013 vel
1706 972 1852 1013 ara.
1912 950 2052 1014 AV.
2098 947 2234 1008 AR.
2258 947 2396 1007 AE.
2439 947 2488 1007 1.
2526 948 2725 1028 (Mus.

1226 1054 1449 1135 Caes.)

1921 642 2455 710 AN'ronmvs
2521 646 2729 723 Caput

1952 1149 1993 1189 ᾗ

1511 1196 1835 1323 οιννεΪ
1898 1194 2432 1322 ΑΝΤόΝιΝνε.
2527 1256 2731 1332 capue
2765 1245 2784 1249 ·

1515 1362 1774 1420 nudum.

1231 1460 1477 1527 mvo,
1503 1458 1678 1524 Plo.
1736 1461 2040 1521 Columna
2055 1459 2363 1519 cancellis
2384 1466 2581 1534 septa,
2617 1460 2724 1518 oui

1230 1566 1486 1627 insistit
1514 1571 1734 1624 statua
1753 1560 2153 1636 imperatoris
2171 1601 2188 1633 ,
2220 1578 2275 1619 a.
2291 1559 2562 1617 hastam.
2581 1557 2727 1619 AR.

1231 1665 1459 1741 AE.11.
1506 1663 1586 1722 11.
1634 1664 1834 1740 (Mus.
1868 1658 2079 1734 Caes.)

1358 1769 1479 1831 Est
1499 1764 1663 1824 haec
1701 1758 1972 1842 insignis
1988 1757 2103 1818 illa
2133 1755 2435 1820 columna
2456 1777 2538 1819 ex
2558 1778 2728 1820 mar·

1233 1882 1424 1933 more
1461 1861 1673 1926 solido
1726 1860 1949 1923 rubeis
1981 1857 2237 1942 punctis
2282 1859 2464 1921 vario
2503 1858 2731 1932 hodie-

1227 1969 1393 2032 dum
1442 1976 1814 2047 superstes,
1875 1961 1994 2024 sed
2038 1958 2400 2024 infeliciter
2427 1981 2730 2044 procum·

1236 2069 1436 2142 heus,
1495 2064 1856 2147 visiturque
1908 2083 2081 2125 nunc
2133 2061 2200 2122 in
2265 2074 2455 2144 parte
2502 2084 2729 2126 aversa

1238 2164 1625 2253 magnificae
1662 2165 1880 2227 euriae
1903 2175 2174 2227 amente
2206 2161 2475 2242 Cytorio
2509 2165 2731 2250 appel·

1159 2328 1164 2333 .
1237 2270 1449 2344 latae,
1494 2266 1680 2349 eujus
1723 2265 1996 2328 altitudo
2045 2263 2248 2347 pedes
2284 2267 2615 2329 Romanos
2648 2269 2726 2329 L.

1231 2361 1504 2436 omnino
1554 2381 1809 2457 aequat..
1871 2370 2101 2449 Neque
2141 2364 2354 2427 minus
2409 2388 2728 2430 memora-

1222 2471 1390 2539 bilis
1428 2468 1746 2551 stylobata
1778 2488 1862 2530 ex
1891 2487 2218 2530 marmore
2245 2468 2442 2532 Pario
2464 2513 2482 2545 ,
2516 2489 2727 2554 eoque

1230 2572 1485 2645 solidO,
1533 2569 1718 2652 cujus
1750 2569 1957 2632 latera
2007 2570 2263 2653 singula
2297 2570 2425 2633 lata
2455 2586 2604 2633 sunt
2618 2591 2729 2654 pe-

1229 2675 1351 2738 des
1406 2674 1587 2748 XII„
1652 2670 1779 2732 alta
1832 2671 1981 2745 XL,
2043 2682 2112 2730 et
2167 2671 2231 2730 in
2266 2692 2548 2753 quorum
2595 2690 2726 2733 uno

1226 2788 1332 2838 est
1401 2774 1842 2855 epigramma:
1931 2770 2171 2835 DlVO.
2236 2772 2721 2836 ANTONLNO.

1232 2876 1435 2942 AVG.
1456 2870 1633 2935 Plo.
1674 2870 2209 2934 ANTONINVS.
2243 2870 2726 2940 AVGVSTVS.

1231 2978 1375 3039 ET.
1419 2973 1731 3040 VERVS.
1783 2971 2267 3039 AVGVSTVS.
2332 2973 2594 3047 F1L11.‚
2659 2976 2726 3036 in

1234 3079 1447 3138 altero
1508 3075 1766 3157 insigne
1829 3093 1993 3155 opus
2055 3074 2489 3157 anaglyphum
2550 3075 2731 3137 exhi-

1236 3179 1403 3240 bens
1468 3175 1867 3238 Antoninum
1927 3174 2151 3249 Pium,
2226 3189 2292 3236 et
2355 3176 2770 3248 Faustinam⁸

1234 3302 1273 3341 a
1330 3278 1525 3361 genio
1578 3277 1747 3338 alato
1797 3296 2052 3336 sursum
2102 3274 2309 3337 elatos
2383 3276 2731 3339 adsidenti-

1102 3369 1107 3372 ἱ
1236 3381 1360 3443 bus
1398 3379 1657 3441 inferne
1694 3381 1902 3438 Roma
1926 3376 2108 3438 cultu
2146 3376 2380 3452 solito,
2418 3380 2731 3440 etAeter·

1229 3481 1435 3542 nitate
1484 3478 1847 3541 obeliscum
1897 3476 2559 3566 sinistravcomplexa.
2603 3482 2731 3540 Re·

1229 3583 1410 3666 liqna
1464 3581 1593 3643 duo
1632 3580 1838 3654 latera
1903 3578 2328 3640 decursiones
2384 3594 2724 3663 equestres

1170 3749 1177 3756 ,
1232 3682 1301 3744 in
1336 3681 1523 3764 justis
1555 3679 1940 3743 funebribus
1992 3678 2316 3741 celebrari
2357 3680 2579 3742 solitas
2617 3680 2732 3742 ob-

1233 3783 1488 3866 jiciunt.
1553 3782 1687 3878 Qui
1722 3769 1908 3865 plura
1947 3779 2029 3841 de
2061 3779 2301 3862 insigni
2339 3781 2466 3843 hoo
2504 3767 2732 3845 monu-

1108 3968 1112 3972 ⁴
1232 3898 1457 3948 mento
1494 3902 1689 3947 nesse
1728 3882 1947 3966 cupiet
1970 3925 1986 3956 ‚
2034 3880 2221 3943 adeat
2253 3883 2570 3946 eruditam
2601 3887 2730 3948 dis·

1234 3987 1656 4049 certationem
1690 3983 1946 4047 Ioannis
1979 3977 2248 4066 'Vignoli
2285 3981 2373 4046 de
2412 3988 2728 4052 Columna

1234 4080 1546 4152 Antonini
1592 4086 1717 4148 Pii.
1780 4084 1914 4148 Sed
1961 4083 2286 4149 existimat
2340 4089 2427 4151 el.
2458 4090 2727 4152 Ficoro·

1231 4211 1393 4264 nus,
1456 4187 1694 4252 dictam
1750 4186 2001 4252 montis,
2039 4186 2287 4268 Cytorii
2354 4192 2722 4253 columnam

1234 4289 1516 4370 Trajano
1568 4287 1770 4348 fuisse
1830 4307 1867 4346 a
1928 4302 2156 4351 senatu
2217 4289 2582 4354 dedicatam
2639 4293 2724 4372 ⁸).

1234 4388 1440 4463 Vide,
1487 4406 1652 4472 quae
1697 4406 1895 4468 super
1939 4387 2063 4448 hoe
2110 4406 2498 4472 argumento
2543 4408 2725 4457 nota-

1231 4489 1465 4554 vimus—
1513 4488 1595 4552 ad
1663 4508 1930 4548 numum
1986 4489 2250 4572 Traiani
2305 4495 2386 4560 V.
2440 4495 2514 4557 C.
2577 4493 2722 4577 867.

1342 4706 1407 4774 a)
1448 4698 1693 4758 Piombi.
1736 4719 1867 4778 pag.
1907 4701 1956 4763 6.

2837 642 3219 729 inscriptum
3242 665 3259 706 ε
3281 634 3700 712 SENATVS.
3714 626 4364 734 POPVLVSQVE.

2839 744 3288 813 ROMANVS.

3565 846 3606 885 4,
3813 851 3827 865 ,

3402 890 3441 928 a
3732 889 3768 927 ae

3124 946 3418 1017 DIVVS.
3505 944 4038 1015 ANTONINVS.

3118 1053 3375 1111 nudum.
3957 1058 3966 1061 “

2837 1146 2905 1209 S.
2968 1147 3040 1209 C.
3069 1156 3075 1160 ⁴
3100 1149 3453 1228 Imperator
3508 1153 3573 1210 d.
3638 1170 3883 1211 ramum
3898 1192 3916 1223 ‚
3974 1170 4028 1211 s.
4074 1151 4362 1210 hastam

2838 1253 3063 1311 sedens
3092 1253 3161 1325 in
3187 1254 3524 1334 quadr-595⁸
3552 1254 4040 1332 elephantorum.
4103 1250 4256 1312 ΑΕ.
4301 1247 4363 1308 1.

2841 1355 3042 1432 (Mus.
3098 1352 3317 1432 Gaea.)
4013 1400 4016 1401 ν

2963 1451 3265 1520 Vidimus
3304 1473 3385 1514 ex
3402 1450 3809 1536 Capitolino,
3853 1451 4180 1515 Antonino
4220 1450 4362 1513 de·-

2838 1568 3058 1616 cretos
3124 1553 3326 1617 fuisse
3384 1566 3709 1617 asenam
3763 1562 3989 1615 omnes
4043 1538 4364 1616 honores

2843 1655 3105 1737 optimis
3155 1655 3558 1739 principibus
3622 1653 3871 1715 deferri
3921 1654 4181 1728 solitos,
4278 1665 4362 1715 et

2844 1756 3121 1817 vidimus
3190 1757 3383 1819 etiam
3437 1758 3506 1819 in
3564 1754 3777 1820 numis
3842 1753 3976 1816 divi
4024 1754 4356 1839 Augusti,

2843 1852 3019 1917 bono
3050 1855 3205 1920 huic
3239 1859 3519 1944 principi
3549 1873 3698 1944 ‘post
3729 1855 3980 1918 obitum
4032 1856 4356 1919 decretas

2845 1958 3340 2041 elephantorum
3384 1960 3751 2047 quadrigas.
3817 1961 4042 2053 Quare
4097 1971 4166 2020 et
4199 1959 4359 2019 An-

2842 2061 3140 2122 toninum
3220 2059 3284 2121 in
3377 2063 3722 2148 singularis
3792 2061 3986 2144 hujus
4056 2058 4350 2122 honoris

2843 2175 3095 2244 partem
3142 2163 3400 2227 venisse
3443 2186 3753 2249 praesens
3805 2148 4128 2227 numisma
4160 2180 4356 2225 com·

2842 2263 3097 2346 probat.

4132 950 4370 1026 capue

3573 2371 3613 2409 Q

3739 2414 3777 2452 fi

3406 2411 3445 2453 ι

3127 2472 3369 2539 DIVO.
3413 2471 3590 2537 Plo.
3639 2474 3842 2548 Caput
3866 2473 4214 2532 radiatum.

2841 2572 3489 2637 CONSECRATIO.
3535 2578 3677 2636 Ara
3708 2576 3934 2652 ἐφείω,
3965 2573 4103 2633 vel:
4131 2570 4349 2650 Aqui-

2843 2676 2911 2735 la
2937 2679 3242 2755 expansis
3273 2678 3420 2736 alis.
3467 2677 3602 2736 AR.
3641 2675 3839 2751 (Mus.
3874 2673 4088 2753 Caes.)

2969 2778 3138 2838 Sunt
3187 2776 3256 2837 hi
3311 2775 3491 2836 numi
3527 2795 3611 2837 ex
3647 2788 3917 2857 argento
3952 2773 4062 2835 vili
4086 2818 4103 2846 ,
4151 2784 4216 2834 et
4249 2791 4344 2832 ex

2845 2897 3072 2939 eorum
3117 2896 3395 2959 genere,
3443 2898 3607 2960 quos
3658 2878 3720 2936 in
3760 2874 4140 2937 memoriam
4179 2884 4343 2934 oon-

2848 2992 3252 3042 secratorum
3287 2968 3656 3062 principum
3693 2980 3898 3040 multo
3960 2975 4170 3038 serius
4201 2976 4339 3059 sig-

2841 3093 3031 3141 natos
3063 3093 3418 3141 statuemus
3445 3079 3510 3138 in
3538 3093 3809 3140 tractatu
3843 3078 3922 3139 de
3937 3078 4150 3139 numis
4183 3097 4347 3139 con-

2847 3180 3283 3266 secrationum
3314 3181 3467 3247 Vol.
3485 3182 3660 3248 Vm.

3570 3282 3608 3320 ιιι

3405 3326 3478 3362 αι’
3733 3325 3770 3362 σε

2967 3383 3224 3466 Agmen
3256 3380 3448 3464 hujus
3479 3382 3745 3464 generis
3782 3367 4127 3444 numerum
4163 3381 4343 3444 clau-

2845 3486 2999 3547 dant
3021 3484 3199 3544 numi
3236 3482 3370 3544 bini
3389 3506 3658 3567 prorsus
3701 3484 4099 3568 singulares:

3133 3586 3420 3651 DIVVS.
3484 3585 4014 3651 AN'I'ONINVS.

3130 3692 3386 3749 nudum.

2845 3789 3078 3854 DIVA.
3142 3787 3597 3853 FAVSTINA.
3664 3790 3865 3867 Caput
3906 3793 4133 3852 uxoris
4171 3793 4339 3852 Fau·

2845 3896 3073 3953 uiuae.
3137 3890 3280 3950 AR.

2969 3992 3252 4064 Numam
3292 3988 3465 4060 hunc
3494 3989 3802 4051 Khellius
3841 4008 3923 4052 ex
3968 4010 4194 4054 museo
4227 4013 4335 4055 co-

2843 4090 3018 4152 mitis
3053 4084 3334 4165 Ariosti,
3383 4090 3559 4174 quod
3595 4112 3766 4153 nunc
3799 4113 3944 4155 cum
3983 4105 4143 4177 gaza
4169 4095 4334 4157 Cae·

2843 4212 3026 4254 sarea
3099 4191 3349 4252 unitum
3419 4207 3553 4267 est,
3626 4193 3936 4275 vulgavit.
4024 4197 4108 4257 At
4170 4215 4332 4259 vero

2837 4291 3268 4355 indubitatum
3315 4308 3445 4369 est,
3503 4315 3790 4358 mercem
3839 4316 3985 4360 esse
4023 4297 4332 4360 adulteri·

2839 4417 3021 4472 nam,
3067 4396 3461 4480 neque-satis
3503 4396 3643 4478 ejus
3669 4394 3869 4460 fidem
3903 4422 3938 4462 a
3967 4399 4110 4471 viro
4142 4420 4334 4484 egre-

2841 4495 2968 4580 gio·
2985 4496 3051 4557 in
3083 4503 3369 4559 examen'
3391 4513 3706 4560 vocatam.

4138 3589 4346 3666 Caput
4425 3567 4432 3571 .
