4652 5937
1468 402 2302 481 ELAGABALVS.

311 590 475 659 tutis
509 589 872 677 specimina
901 590 1339 676 oportuisset,
1382 609 1465 657 ea
1501 594 1815 660 continuo

316 715 514 758 ausus
565 709 703 771 est,
745 715 913 779 quae
946 695 1155 756 licere
1196 694 1321 757 sibi
1368 695 1569 771 alter,
1614 695 1817 777 impe·

313 798 401 861 rii
450 817 575 881 per
621 797 873 859 natales
934 795 1170 871 heres,
1236 796 1512 879 prolatis
1572 797 1816 860 virtute

316 897 598 974 finibus,
656 899 907 960 munita
968 899 1359 961 Caesaribus
1432 898 1629 960 domo
1683 919 1817 960 non

315 1014 633 1085 putasset.
710 1000 943 1075 Mitto,
987 1020 1154 1084 quae
1201 999 1283 1061 ab
1320 1018 1403 1062 eo
1448 999 1815 1063 crudeliter

316 1117 387 1164 et
412 1121 651 1178 avare,
694 1101 1008 1162 nimirum
1054 1117 1127 1164 nt
1158 1101 1402 1165 insanis
1448 1101 1812 1185 sumptibus

318 1204 653 1268 aerarium
725 1201 1105 1280 sufficeret,
1179 1206 1251 1267 in
1311 1207 1554 1270 civium
1623 1203 1823 1265 vitam

318 1327 397 1369 ac
452 1306 756 1368 fortunas
799 1304 1070 1368 decreta
1111 1320 1297 1378 sunt3
1361 1306 1550 1367 mitto
1605 1306 1823 1380 etiam,

318 1426 492 1492 quae
529 1426 654 1489 per
692 1405 1038 1467 amentiam
1084 1407 1527 1487 singularem,
1568 1425 1645 1469 ac
1692 1417 1824 1466 stu·

320 1528 562 1591 porem
604 1506 1107 1583 incredibilem,
1171 1521 1285 1583 nt,
1352 1528 1500 1570 cum
1550 1528 1822 1570 coenam

320 1609 454 1672 sihi
489 1630 577 1671 ex
610 1627 937 1692 pavonum
958 1652 977 1684 ,
1023 1623 1090 1671 et
1118 1608 1542 1671 lusciniarum
1577 1607 1824 1690 linguis

320 1710 622 1796 paravit,
700 1711 930 1773 leones
999 1712 1289 1794 psittacis
1352 1724 1421 1772 et
1498 1710 1826 1794 phasianis

321 1813 541 1897 pavit,
618 1812 951 1873 interdum
1034 1812 1298 1874 nonnisi
1366 1813 1626 1887 calvos,
1715 1823 1826 1872 aut

321 1915 592 1989 luscos,
667 1927 782 1974 ant
841 1912 1286 1996 podagrosos‚
1372 1927 1482 1977 aut
1554 1913 1824 1987 surdos,

321 2028 436 2079 aut
477 2013 762 2099 longos,
808 2028 917 2075 aut
963 2015 1239 2097 pingues
1281 2013 1364 2075 ad
1406 2034 1680 2077 coenam
1716 2032 1831 2076 vo·

266 2112 275 2113 7
322 2116 538 2188 eavit3
620 2115 690 2177 in
759 2115 1070 2179 convivas
1132 2129 1408 2199 repente
1467 2114 1698 2175 leones
1756 2126 1827 2176 et

326 2215 691 2301 leopardos
759 2230 1127 2279 exarmatos
1192 2215 1499 2290 immisit,
1577 2227 1688 2275 aut
1744 2213 1826 2274 iis

328 2334 608 2382 coenam
663 2336 748 2379 ex
800 2315 1042 2392 ebore,
1107 2337 1293 2393 cern,
1338 2330 1449 2379 aut
1491 2335 1825 2378 marmore

326 2418 681 2493 instruxit,
742 2432 853 2481 ant
912 2439 1061 2482 cum
1119 2437 1350 2480 omnes
1409 2438 1534 2501 per
1593 2418 1825 2479 urbem

328 2539 722 2587 aranearum
769 2521 932 2581 telas
986 2520 1276 2582 conferri
1328 2520 1396 2580 in
1449 2540 1648 2581 unum
1696 2520 1828 2599 jus-

331 2623 452 2697 sit,
500 2641 588 2683 ex
627 2641 900 2705 quarum
938 2620 1233 2704 pondere
1265 2618 1599 2701 (confecta
1636 2620 1826 2680 sucre

332 2722 571 2785 decem
635 2719 843 2783 millia
908 2721 1161 2802 pondo)
1234 2723 1318 2784 de
1377 2720 1825 2804 magnitudine

328 2827 589 2888 Romae
650 2836 1002 2885 constaret.
1090 2823 1180 2884 At
1223 2820 1425 2883 fidem
1480 2836 1826 2906 superant,

332 2944 503 3011 quae
542 2922 627 2987 de
673 2922 817 3007 ejus
853 2922 1299 3005 impudicitiae
1340 2923 1648 2987 sordibus
1693 2941 1829 2986 me·

331 3038 700 3090 morantur.
804 3027 952 3085 Non
1012 3025 1113 3085 illi
1178 3026 1481 3109 voluptas
1553 3026 1826 3110 placita,

330 3133 500 3211 qnae
560 3125 923 3190 secundum
974 3140 1270 3189 naturam
1309 3141 1504 3189 esset.
1579 3130 1832 3189 Stoma·

330 3227 565 3291 chatus
597 3226 859 3291 virilem
893 3226 1361 3302 conditionem,
1405 3228 1825 3290 meretricem

329 3328 678 3414 professus
710 3343 844 3404 est,
888 3343 955 3391 et
974 3329 1351 3391 meretricio
1370 3327 1618 3391 adscito
1647 3329 1831 3390 cultu

328 3431 637 3499 invitavit
679 3443 1218 3514 praetereuntes,
1283 3443 1355 3491 ut
1401 3428 1487 3491 ad
1538 3449 1609 3492 se
1646 3448 1837 3493 aece-

333 3537 609 3608 derent,
670 3530 1058 3614 accepitque
1118 3550 1389 3594 munera
1448 3528 1592 3612 ejus
1639 3551 1833 3593 causa

333 3633 618 3723 rependi
697 3634 911 3694 solita.
995 3632 1159 3714 Ejus
1219 3630 1498 3694 instituti
1556 3630 1833 3694 feminas

334 3755 569 3804 omnes
613 3733 685 3797 in
736 3751 935 3797 unum
996 3746 1255 3796 coactas
1323 3733 1589 3794 militari
1648 3754 1834 3797 more
1878 3764 1885 3770 ·

335 3839 688 3904 adlocutus
784 3834 1268 3898 commilitones
1376 3834 1575 3912 dixit,
1684 3856 1835 3899 cum

334 3937 421 4004 iis
480 3938 567 4001 de
646 3935 1005 4019 generibus
1074 3941 1479 4017 voluptatum
1554 3937 1838 4019 dispuu-

335 4040 473 4118 vit,
519 4051 592 4102 et
634 4036 1016 4101 donativum
1067 4034 1269 4098 dedit.
1359 4035 1678 4119 conquiri
1740 4049 1838 4098 to·

337 4155 411 4208 to
442 4139 734 4226 imperio
779 4138 971 4221 jussit
996 4182 1016 4214 ,
1058 4136 1116 4202 si
1147 4151 1312 4223 quos
1352 4135 1839 4200 liberalioribus

338 4258 573 4309 natura
608 4241 691 4305 ad
731 4240 1104 4321 voluptates
1139 4240 1484 4323 praesidiis
1508 4238 1839 4314 instruxit,

341 4366 509 4433 quos
556 4343 736 4405 inter
772 4338 1083 4403 Aurelius
1132 4341 1398 4403 Zoticus
1443 4341 1840 4424 Smyrnaeus

316 4447 738 4534 'praecipuos
799 4442 1089 4505 honores
1144 4440 1449 4516 abstulit,
1532 4453 1841 4510 evocatus

343 4547 660 4622 Romam,
726 4558 793 4606 et
857 4543 1042 4626 regia
1089 4562 1331 4626 pompa
1379 4541 1466 4605 ad
1526 4541 1836 4625 palatium

346 4648 708 4724 deductus,
753 4644 881 4728 qui‘
910 4664 1057 4707 cum
1097 4642 1360 4710 obvium
1419 4642 1542 4706 sibi
1604 4633 1839 4728 Elaga-

1364 4783 1411 4858 δ

3249 425 3417 500 ’253

1918 590 2152 657 vbalum
2170 636 2192 669 ,
2234 605 2310 660 ut
2365 612 2488 678 par
2529 606 2705 672 erat,
2750 594 3102 661 salutm-ets
3171 598 3427 664 domiue

1932 699 2312 774 imperator,
2356 698 2583 757 salso!
2619 696 2762 779 ipse
2779 697 3170 760 muliebrem
3200 699 3269 761 in
3287 721 3427 763 mo·

1930 815 2075 885 rem
2107 794 2351 858 inflexa
2380 796 2675 858 molliter
2694 798 2992 874 cervice,
3028 820 3261 876 neme,
3299 802 3430 886 aje-

1931 896 2063 974 bat,
2112 897 2447 959 dominum
2467 917 2665 961 voces
2687 940 2705 972 ,
2749 900 3016 964 domina
3049 902 3226 963 enim
3260 924 3427 968 sum.

1931 998 2171 1080 Nupsit
2200 1018 2364 1063 vero
2406 999 2602 1060 etiam
2633 1000 2935 1064 Hierocli
2976 1003 3210 1067 Carico
3242 1025 3429 1068 man·

1925 1098 2124 1180 cipio.
2211 1097 2396 1161 Haec
2446 1119 2596 1161 cum
2650 1101 3025 1183 propalam,
3084 1119 3152 1167 et
3189 1106 3256 1168 in
3304 1108 3431 1171 hac

1940 1199 2180 1259 summi
2219 1198 2464 1282 fastigii
2499 1201 2838 1279 majestate
2884 1216 3206 1284 patraret,
3249 1227 3437 1272 aver·

1936 1300 1998 1359 si
2026 1301 2367 1382 paullatim
2401 1302 2692 1364 omnium
2726 1302 3030 1366 ordinum
3066 1305 3147 1367 ab
3184 1326 3266 1370 eo
3300 1308 3437 1369 ani·

1939 1401 2069 1475 mi,
2147 1416 2507 1486 paratoque
2585 1403 2883 1465 melioris
2951 1406 3094 1488 spei
3171 1426 3439 1471 succes·

1942 1521 2093 1564 sore
2146 1504 2391 1565 exitum
2443 1503 2705 1581 habuit,
2762 1519 2837 1567 ut
2879 1506 3201 1583 vidimus,
3259 1490 3434 1573 vitae

1942 1604 2603 1667 contaminatissimae
2645 1606 3179 1690 respondentem.
3264 1610 3434 1678 Vide

1941 1706 2106 1768 baec
2150 1706 2328 1789 apud
2357 1706 2683 1784 Dionem,
2727 1706 3201 1787 Herodianum,
3242 1710 3435 1774 Lam·

1943 1807 2254 1891 pridinm.

2077 1913 2347 1972 onres.
2393 1910 2570 2003 Quas
2603 1908 2758 1990 lege
2793 1909 3194 1972 matrimonii
3231 1912 3433 1977 duxe-

1938 2024 2069 2083 rat,
2116 2024 2253 2071 tres
2308 2011 2498 2071 fuere
2518 2051 2536 2082 ,
2599 2012 2891 2070 Cornelia
2940 2014 3150 2073 Paula
3169 2055 3187 2088 ‚
3231 2018 3434 2097 Aque·-

1939 2114 2035 2172 lia
2051 2112 2332 2186 Severa,
2373 2113 2597 2172 Annia
2628 2112 2943 2171 Faustae‘ua
2962 2156 2978 2185 ‚
3023 2113 3147 2176 hae
3168 2135 3432 2198 quoque

1938 2230 2063 2293 per
2079 2210 2261 2272 vices
2301 2209 2702 2294 repudiatae.
2748 2211 2849 2269 Ex
2869 2212 3049 2273 nulla
3076 2228 3265 2296 pater
3282 2234 3430 2279 eva·

1942 2311 2048 2373 sit.
2092 2313 2195 2374 Dc
2226 2311 2308 2373 iis
2342 2324 2577 2394 agetur
2607 2310 2676 2370 in
2707 2309 3112 2395 singularum
3149 2316 3383 2378 numis-

2542 2488 2836 2548 Numi.-

2228 2622 2313 2679 Vt
2351 2622 2445 2681 lit.
2486 2625 2569 2686 G.
2604 2634 2669 2682 et
2699 2627 2776 2683 B.

1942 2720 2019 2783 P.
2055 2719 2146 2780 M.
2179 2720 2317 2779 ΤΒ.
2365 2722 2439 2780 Ρ.
2477 2722 2557 2786 V.
2601 2722 2790 2786 COS.
2825 2725 2965 2784 1111.
3004 2727 3077 2786 P.
3111 2727 3189 2788 Ρ.
3230 2729 3432 2805 Impe-

1942 2831 2121 2883 rator
2157 2831 2413 2902 loqutus
2444 2832 2626 2885 stane
2655 2836 2809 2886 anto
2843 2832 3101 2889 aramd.
3111 2838 3428 2907 pateram,

1942 2942 1998 2986 s.
2031 2943 2277 2988 ramum
2297 2970 2318 3002 ,
2363 2929 2436 2987 in
2463 2947 2621 2988 area
2649 2937 2912 2992 astrum.
2957 2928 3095 2992 AR.
3123 2928 3259 2991 ΔΕ.
3280 2931 3327 2990 Ι.
3347 2931 3435 2993 11.

2073 3025 2286 3118 Quam
2317 3027 2563 3089 acriter
2599 3026 2684 3090 de
2716 3028 2819 3090 his
2847 3030 3063 3092 numis
3085 3074 3103 3105 ,
3148 3030 3275 3092 etsi
3317 3031 3437 3092 mi-

1944 3124 2121 3187 nime
2147 3127 2347 3202 raris,
2392 3142 2667 3211 propter
2712 3131 3103 3213 inscriptum
3146 3132 3436 3194 tribuna-

1943 3241 2084 3290 tum
2131 3230 2213 3296 V.
2264 3251 2301 3289 ι
2339 3229 2498 3291 viris
2550 3225 2820 3292 summis
2855 3229 3253 3315 disputatum
3307 3233 3433 3307 sit,

1946 3328 2239 3391 dicemus
2273 3329 2534 3391 abunde
2581 3330 2649 3391 in
2682 3343 2963 3394 tractatu
3007 3332 3094 3394 de
3132 3333 3284 3398 trib.
3319 3354 3436 3418 po·

1942 3442 2205 3493 testate.

2234 3601 2435 3668 Mami
2459 3602 2792 3663 commatis
2824 3604 3172 3682 poreqrt‘m‘.

2077 3734 2292 3817 Hujus
2332 3736 2594 3820 generis
2642 3737 2828 3798 numi
2887 3749 3015 3798 tam
3065 3738 3136 3799 in
3178 3741 3440 3804 urbibus

1951 3840 2172 3900 liberis
2222 3837 2530 3913 Graecis,
2607 3859 2800 3922 quam
2849 3841 3122 3902 coloniis
3163 3841 3440 3924 „copiosi

1951 3937 2186 4022 signati
2214 3952 2395 4013 sunt,
2439 3951 2507 4000 at
2532 3958 2618 3999 ne
2657 3938 2851 4021 hujus
2882 3940 3297 4022 imperatoris
3323 3962 3441 4002 nu-

1952 4039 2045 4100 mi
2087 4058 2238 4102 cum
2289 4053 2554 4102 moneta
2600 4039 2973 4103 caracallae
3020 4040 3436 4119 misceantur,

1950 4138 2133 4224 quod
2168 4127 2307 4202 non
2349 4161 2503 4204 raro
2535 4141 2696 4205 viris
2741 4141 3302 4218 exercitatissimis
3337 4163 3442 4208 ec·

1952 4240 2150 4321 cidit,
2197 4242 2420 4306 cautio
2451 4242 2565 4305 sit.

2354 4414 2637 4474 Nomina
2661 4450 2678 4487 ‚
2724 4430 2805 4473 ac
2829 4409 3030 4475 tituli.

1966 4579 1981 4584 ⁴
2083 4549 2352 4611 Varium
2383 4551 2647 4618 Avitum
2688 4553 3080 4614 Bassianum
3119 4541 3444 4638 principio

1951 4646 2156 4712 fuisse
2208 4662 2550 4726 vocatum,
2610 4649 2804 4715 altius
2835 4652 3161 4746 diffinitis.
3255 4656 3441 4723 Varis·
