4652 5937
1339 495 1432 559 w
2281 466 2905 545 FAVSTINA.
2991 464 3441 566 ivNIOR.

1341 658 1430 720 tia
1460 654 1662 739 hujus.
1692 654 1886 719 unice
1919 653 2376 739 philosophiae
2396 698 2414 730 ,
2476 666 2542 725 et
2572 652 2826 717 nativae

1319 762 1787 847 ‘indulgentiae
1827 755 2228 833 debebatur,
2317 775 2451 819 non
2503 776 2635 822 nno
2671 755 2825 821 loco

1344 862 1706 928 meminere
1743 858 2040 923 historici
2070 857 2352 920 veteres.

2063 958 2102 998 ⁴*
2226 1001 2267 1040 ὕ
2296 1037 2304 1060 ι

1883 1004 1924 1045 st

1635 1067 1721 1126 Vt
1759 1066 1856 1127 lit.
1879 1067 1967 1125 A.

1342 1164 1722 1234 FECVND.
1765 1161 2264 1230 AVGVSTAE.
2358 1163 2592 1224 Mulier
2644 1170 2826 1222 etam

1335 1280 1608 1352 utraque
1623 1287 1818 1330 manu
1831 1268 2118 1345 sinyalos
2136 1267 2420 1346 infantes
2426 1271 2661 1342 ,qe-stat,
2688 1263 2825 1322 alio

1339 1375 1522 1446 ltine,
1565 1372 1700 1430 alio
1738 1369 1922 1428 illinc
1948 1370 2265 1435 adstante.
2321 1365 2461 1427 AR.
2497 1363 2637 1424 ΑΕ.
2673 1360 2828 1425 1.11.

1339 1475 1550 1552 (Mus.
1578 1468 1795 1548 Gaea.)

1465 1566 1967 1635 Fecunditatem
1997 1586 2176 1628 suam
2190 1563 2501 1627 Faustina
2539 1561 2826 1646 prolium

1340 1663 1628 1734 numero'
1700 1664 1957 1729 abunde
2036 1664 2369 1747 probavit,
2441 1664 2685 1726 utinam
2760 1676 2829 1724 et

1338 1771 1619 1860 perinde
1663 1767 1857 1830 fidem
1896 1767 1964 1826 in
2012 1765 2339 1830 maritum.
2411 1763 2717 1826 Ambitur
2755 1761 2828 1822 in

1341 1875 1473 1938 hoc
1512 1891 1710 1933 numo
1754 1864 1984 1929 liberis
2041 1880 2352 1949 quatuor,
2416 1879 2481 1927 at
2512 1865 2580 1924 in
2614 1864 2827 1925 numis

1343 1973 1676 2056 inscriptis
1718 1968 2111 2056 TEMPOR.
2154 1955 2435 2035 FELlc‘.
2490 1986 2606 2028 sex
2642 1985 2829 2049 prae-

1346 2090 1446 2140 sto
1481 2088 1665 2150 sunt,
1710 2084 1898 2133 aucto
1914 2069 2224 2130 nimirum
2249 2087 2478 2129 eorum
2526 2085 2826 2139 numero.

1339 2180 1430 2242 Et
1454 2173 1658 2239 fuisse
1693 2171 1950 2234 senario
1980 2171 2227 2254 plures,
2261 2168 2597 2251 colligitur
2622 2167 2825 2242 exiis,

1343 2298 1511 2363 quae
1564 2296 1758 2356 supra
1806 2273 1874 2333 in
1927 2271 2068 2351 ejus
2104 2268 2239 2332 vita
2285 2267 2674 2331 memoravi.
2754 2268 2829 2327 In

1282 2379 1557 2442 “numia
1590 2370 2347 2457 IVNONIAENCINAE.
2381 2368 2660 2429 infantes
2695 2381 2829 2429 tres

1343 2480 1634 2564 vagiunt.
1721 2471 2220 2564 Fecunditatem
2287 2490 2462 2532 nunc
2541 2469 2829 2554 primum

1340 2583 1412 2644 in
1454 2579 1668 2643 numis
1712 2572 1941 2660 jactari
1985 2569 2316 2648 videmus,
2380 2570 2502 2633 etsi
2547 2570 2825 2632 similem

1344 2682 1412 2744 in
1457 2679 1764 2760 Faustina
1814 2676 2075 2737 seniore
2126 2671 2515 2757 produxerit
2577 2671 2829 2733 Medio·

1335 2765 1615 2857 barbas,
1660 2802 1738 2842 an
1774 2783 2167 2863 genuinum,
2211 2775 2469 2858 ignoro.
2548 2771 2634 2832 Ei
2668 2785 2831 2834 tem-

1340 2885 1524 2968 plum
1590 2880 1812 2943 statuit
1878 2882 2094 2952 Nero,
2138 2889 2288 2938 nata
2349 2873 2472 2935 sibi
2545 2870 2680 2934 filia
2742 2890 2825 2932 ex

1338 2988 1651 3067 Poppaea
1682 2979 1761 3059 ⁸).
1837 2983 2096 3041 Numen
2163 2976 2338 3038 istud
2402 2994 2594 3059 saepe
2644 2974 2823 3037 dein·

1343 3104 1499 3167 ceps
1523 3068 1590 3144 in
1623 3082 1834 3144 numis
1852 3083 2290 3163 Augustarum
2330 3075 2673 3151 celebrari,
2707 3075 2826 3136 mi-

1341 3206 1489 3248 rum
1520 3206 1651 3246 non
1690 3197 1824 3258 est,
1871 3197 1934 3244 at
1968 3194 2223 3242 exstare
2243 3178 2441 3241 etiam
2474 3178 2541 3239 in
2564 3189 2825 3240 moneta

1343 3286 1660 3364 Gallieni,
1704 3283 1994 3348 insolens
2031 3281 2223 3364 plane
2253 3293 2372 3343 est.

2064 3380 2103 3420 a
2328 3404 2334 3412 .

1611 3430 1616 3435 ·
1899 3426 1938 3465 ue
2228 3424 2268 3462 ι

1649 3490 1732 3548 Vt
1772 3487 1970 3547 lit.A.

1344 3586 1854 3653 FORTVNAE.
1922 3581 2374 3651 MVLIEBRI.
2442 3581 2680 3643 Mulier
2735 3594 2833 3642 se*

1340 3694 1496 3751 dem
1547 3693 1615 3750 d.
1679 3686 2212 3766 qubernaculum,
2289 3704 2343 3745 s.
2388 3684 2839 3783 cormcopiae.

1339 3789 1481 3857 AV.
1516 3789 1608 3870 (V
1610 3787 1776 3866 aill.)
1812 3787 1954 3847 AR.
1991 3787 2200 3865 (Mus.
2229 3782 2447 3863 Caes.)

1465 3887 1702 3955 Refert
1752 3885 2057 3952 Valerius
2112 3886 2434 3949 Maximus
2482 3883 2587 3969 ¹³)2
2634 3889 2827 3950 FOR-

1348 3974 1647 4057 ‘rm-a:
1682 3990 2166 4051 Mam-ems
2192 3993 2620 4065 simulacrum,
2658 3991 2833 4073 quod

1343 4094 1441 4158 cst
1481 4082 1595 4156 via
1622 4080 1863 4154 Latina
1891 4094 2035 4151 adl
2035 4094 2109 4154 V.
2128 4094 2527 4167 milliarium,
2574 4112 2648 4155 co
2678 4102 2828 4153 tem-

1337 4214 1496 4274 pore
1530 4213 1672 4255 cum
1707 4195 1867 4254 aede
1895 4214 2017 4253 wa
2049 4203 2483 4256 consecratum
2502 4236 2519 4267 ,
2564 4214 2687 4275 quo
2720 4196 2829 4254 Co-

1344 4282 1674 4358 riolanum'
1682 4296 1766 4354 ab
1799 4295 2055 4356 excidio
2072 4294 2249 4353 urbia
2267 4306 2594 4356 maternae
2606 4313 2830 4373 preces

1327 4540 1330 4547 ”
1365 4518 1372 4525 '
1453 4542 1518 4614 a)
1554 4537 1743 4597 Tacit.
1758 4538 1889 4599 XV.
1911 4549 2000 4601 23.
2119 4488 2217 4613 xb)
2254 4537 2317 4595 L.
2358 4537 2402 4596 1.
2431 4557 2486 4597 c.
2514 4534 2670 4599 VIII.
2706 4542 2735 4611 ς
2767 4544 2821 4597 4.

1287 4672 1290 4676 »
1347 4650 1409 4709 p.
1438 4636 1565 4694 318.
1605 4648 1614 4653 ·
1713 4629 1773 4701 e)
1812 4626 1876 4685 L.
1909 4627 2102 4687 IV.·c.
2136 4641 2221 4702 1⁴9.

1350 4723 1395 4791 i)
1435 4716 1738 4796 Sapientia
1771 4737 1823 4777 c.
1857 4732 1909 4783 2.
1945 4735 2001 4778 v.
2034 4717 2088 4779 6.

2368 4630 2421 4699 f)
2454 4625 2518 4684 in
2547 4626 2875 4686 Pudicitiae
2900 4626 3149 4704 signum.

2234 4719 2303 4794 k)
2342 4716 2514 4778 Thes.
2546 4716 2652 4776 sel.
2678 4736 2838 4778 num.
2870 4736 3008 4794 pag.
3046 4716 3177 4784 336.

2939 656 3320 734 repulerunt.
3391 653 3587 737 ‚Ejus
3646 653 4019 718 meminere
4078 651 4260 716 etiam
4308 654 4389 718 Li·

2937 756 3083 820 vius
3113 754 3195 835 θ),
3233 754 3626 819 Plutarchus
3656 755 3745 835 d),
3782 757 4058 841 aliique,
4104 775 4263 839 quoq
4288 755 4392 817 lan·

2942 855 3127 933 dant,
3213 856 3769 920 commentatores
3835 859 3924 921 D.
3958 856 4294 941 Augustini
4333 856 4396 918 de

2941 956 3133 1021 civit.
3184 956 3313 1020 Dei
3345 961 3426 1039 θ).
3457 967 3465 975 ’
3498 959 3585 1020 At
3616 978 3808 1042 quam
3844 958 4083 1042 inique
4124 957 4277 1021 haec
4306 956 4399 1019 dea

2939 1077 3088 1122 cum
3123 1060 3430 1123 Faustina
3448 1060 3789 1144 jungatur,
3834 1057 4046 1122 docet
4073 1059 4295 1120 Festus
4329 1055 4398 1138 ἲ),

2939 1161 3093 1221 item
3140 1163 3253 1221 via
3287 1164 3531 1223 Latina
3566 1166 3658 1222 ad
3702 1163 4096 1223 milliarium
4140 1163 4252 1224 IV.
4287 1162 4403 1222 For·

2939 1271 3135 1324 tunae
3152 1265 3481 1326 muliebris
3499 1310 3515 1338 ,
3551 1263 3739 1341 nefas
3766 1273 3863 1324 est
3877 1264 4134 1342 attin-qi
4149 1304 4168 1337 ,
4207 1264 4323 1323 uici
4341 1264 4402 1322 ab

2940 1381 3021 1424 ea
3039 1405 3056 1438 ,
3102 1384 3268 1445 quae
3319 1366 3519 1426 semel
3572 1366 3809 1442 nupsit.
3865 1361 4146 1425 Cultam
4182 1379 4401 1445 qnoque

2939 1464 3192 1525 Romae
3226 1466 3572 1527 Fortunam
3590 1467 3842 1526 virilem
3858 1506 3877 1539 ‚
3911 1477 3983 1526 et
4001 1461 4266 1548 quidem
4280 1461 4401 1524 inde

2942 1584 2979 1626 a
3012 1562 3245 1628 Servio
3277 1565 3502 1627 Tullio
3524 1607 3543 1639 ,
3575 1561 3907 1627 docebunt
3936 1563 4403 1645 DionysinsHa·

2939 1663 3056 1726 lic.
3087 1664 3184 1744 8),
3218 1679 3285 1728 et
3321 1663 3600 1729 Ovidius
3630 1660 3718 1743 h),
3764 1679 3962 1750 atque
3984 1667 4178 1727 'hanc
4205 1662 4403 1726 aseni-
4494 1717 4499 1730 ,

2941 1764 3044 1827 nis
3079 1785 3239 1849 prae
3267 1765 3582 1830 Muliebri
3618 1763 3821 1828 fuisse
3859 1767 4311 1838 observatam,
4341 1761 4405 1825 ob

2944 1886 3242 1952 eausam,
3272 1888 3482 1953 ,quam
3517 1867 3752 1932 eodem
3784 1868 3939 1934 loco
3974 1860 4246 1933 adducit
4279 1863 4404 1929 Ovi-

2944 1967 3110 2030 diua.

3514 2114 3555 2153 ιε
3679 2067 3719 2109 ’”
3843 2111 3881 2151 ι

3233 2174 3316 2233 Vt
3334 2169 3454 2234 ἰε’τ.
3492 2180 3578 2237 Α.
4066 2215 4091 2236 x
4510 2225 4513 2240 .

2939 2274 3113 2335 LAE
3126 2274 3383 2336 TITIA.
3428 2277 3666 2336 Mulier
3693 2283 3873 2334 stans
3896 2275 3959 2333 d.
4008 2286 4319 2340 coronam,
4359 2284 4398 2323 ⁸·

2942 2378 3308 2453 scipionem.
3364 2374 3503 2435 AR.
3548 2377 3750 2452 (Mus.
3796 2373 4021 2453 Caes.)

3066 2474 3287 2538 Alium
3344 2474 3665 2537 Laetitiae
3722 2486 3951 2558 typum
4017 2471 4295 2538 vidimus
4347 2464 4398 2523 in

2938 2589 3202 2638 moneta
3252 2576 3565 2638 Antonini
3619 2574 3702 2637 ad
3752 2596 3989 2638 annum
4048 2576 4134 2644 V.
4174 2572 4244 2635 C.
4280 2580 4397 2650 90¹·

2946 2676 3079 2771 Qui
3123 2696 3322 2739 numo
3369 2691 3714 2762 praesente
3760 2675 4195 2759 proponitur,
4254 2669 4400 2732 dein·

2944 2796 3099 2860 ceps
3133 2777 3522 2862 plerumque
3576 2777 3702 2839 sibi
3759 2777 4043 2839 Laetitia
4090 2772 4396 2860 proprium

2939 2875 3120 2942 facit.
3161 2880 3420 2941 Corona
3469 2878 3904 2942 certissimum
3956 2878 4247 2941 laetitiae
4296 2869 4397 2953 sig·

2934 3002 3094 3065 ¹num
3156 2999 3275 3042 seu
3335 2980 3679 3063 publicae,
3756 2999 3877 3041 seu
3932 2980 4271 3063 privatae..
4322 2972 4399 3035 Ea

2941 3082 3116 3142 enim
3170 3080 3495 3164 aspirante
3554 3091 3689 3142 tota
3740 3100 3933 3164 saepe
3980 3080 4211 3145 civitas
4245 3092 4399 3141 coro·

2940 3196 3090 3243 nata
3144 3181 3434 3245 incessit.
3501 3181 3699 3242 Nulla
3741 3182 3881 3243 sine
3934 3181 4203 3245 coronis
4244 3187 4396 3262 grata

2942 3282 3278 3358 convivia,
3350 3280 3879 3359 comissationes,
3945 3283 4123 3347 vina.
4222 3281 4392 3347 Vetu-

2942 3379 3414 3465 stissimusnhic
3451 3402 3625 3459 mos,
3688 3397 3755 3445 et
3796 3383 3926 3467 jam
3975 3404 4059 3446 ex
4124 3379 4311 3446 sacris
4337 3371 4399 3434 li·

2945 3484 3106 3546 teris
3159 3483 3495 3566 cognitus,
3556 3482 3862 3546 hortante
3906 3484 3974 3545 in
4017 3482 4126 3548 his
4168 3478 4397 3545 bomine

2945 3584 3168 3660 molli,
3232 3598 3300 3646 et
3357 3582 3802 3666 voluptatibus
3849 3586 4115 3667 penitus
4171 3586 4398 3646 immet·

2945 3704 3018 3746 so
3060 3681 3143 3765 i):
3226 3687 3450 3747 Venite
3517 3706 3667 3766 erqo
3689 3730 3705 3760 ‚
3768 3696 3832 3748 ct
3869 3674 4173 3766 fruamui·
4230 3681 4396 3747 bonit,

2944 3807 3110 3869 quae
3141 3796 3292 3849 sunt
3317 3821 3343 3832 -
3369 3817 3397 3832 -
3426 3806 3792 3849 coronemus
3823 3809 3942 3848 noa
3979 3794 4149 3852 rosis
4180 3819 4208 3834 -
4237 3817 4262 3831 ·
4287 3778 4399 3842 ¹¹53·

2940 3907 3062 3970 que
3105 3882 3539 3969 relinquamus
3573 3890 3764 3967 siqua
3807 3890 4119 3952 laetitiae.
4180 3889 4396 3949 Recen-

2940 3988 3109 4051 tiora
3148 4006 3537 4050 coronarum
3563 3987 3632 4050 in
3668 3987 3935 4050 laetitiis
3964 3988 4259 4072 exempla
4286 3976 4395 4044 col·

2940 4088 3107 4171 legit
3134 4088 3427 4152 Oiselius
3457 4084 3546 4167 ις).
3626 4088 3795 4172 Typi
3837 4089 3892 4149 si
3927 4089 4041 4174 qui
4074 4091 4187 4155 alii
4216 4074 4396 4149 Laeti·
4442 4084 4447 4091 ’

2940 4188 3096 4251 tiam
3128 4187 3521 4250 comitantur
3540 4233 3559 4264 ‚
3601 4190 3992 4277 plerumque
4022 4189 4279 4255 facilem
4303 4185 4391 4248 hn-

2942 4290 3102 4352 bent
3132 4289 3546 4372 explicatum.

2969 4538 3027 4609 c)
3078 4536 3141 4593 L.
3176 4534 3248 4595 11.
3284 4556 3332 4594 c.
3365 4545 3456 4599 40.
3615 4533 3685 4611 d>
3740 4535 3813 4593 de
3844 4540 4006 4597 Fon,
4042 4536 4208 4596 Rom,
4242 4530 4301 4588 Τ,
4338 4521 4394 4582 11.

3317 4629 3383 4705 8)
3421 4626 3486 4690 L.
3517 4624 3621 4691 IV.
3764 4626 3835 4703 h>
3871 4630 4027 4690 Fast.
4065 4627 4130 4689 1..
4159 4624 4258 4691 lv.
4287 4621 4385 4680 145·
