4652 5937
1247 452 1389 544 296
2025 498 2071 526 a

1354 633 1772 697 Germanicus
1789 674 1808 708 ‚
1851 633 2131 694 Daciam
2147 673 2166 707 ,
2209 630 2634 694 Samattms.

1372 798 1595 861 Delati
1632 796 1988 859 Maximino
2021 796 2194 859 tituli
2218 800 2588 860 Germanica·
2601 817 2737 861 me-

1249 900 1552 963 minimus
1605 899 1673 960 in
1718 899 1933 960 numis
1980 898 2132 961 anni
2182 900 2262 968 V.
2300 900 2371 960 C.
2418 897 2562 982 989.
2649 900 2735 961 At

1190 1038 1193 1039 ν
1246 1002 1559 1064 nonnulla
1608 1020 1937 1063 marmora
1982 1021 2132 1063 eum
2177 1019 2310 1061 non
2346 999 2542 1062 modo
2579 1004 2734 1064 Ger·

1242 1108 1564 1166 manicam
1618 1106 1842 1177 Mam„
1886 1102 2005 1163 sed
2061 1115 2128 1164 et
2167 1104 2478 1163 Dacicum
2507 1104 2730 1179 Maza,

1244 1220 1309 1267 et
1362 1207 1797 1268 Sarmaticum
1852 1207 2032 1268 Max.
2108 1202 2443 1287 appellant
2514 1201 2731 1264 addita

1240 1305 1391 1368 trib.
1450 1319 1776 1389 potestate
1839 1306 1999 1379 111.,
2081 1304 2273 1387 quale
2339 1301 2566 1366 videre
2630 1316 2731 1365 est

1244 1406 1418 1492 apud
1451 1408 1805 1470 Gruterum
1840 1427 1986 1490 pag.
2024 1389 2141 1468 1'58
2183 1428 2248 1468 n.
2283 1401 2341 1465 6.
2362 1449 2379 1480 ,
2428 1417 2493 1465 et
2523 1404 2590 1464 in
2621 1424 2730 1466 co-

1238 1509 1458 1572 lumna
1493 1508 1799 1570 milliaria
1847 1521 1997 1569 ante
2044 1526 2248 1569 annos
2301 1525 2436 1568 non
2483 1507 2727 1568 multos

1238 1629 1447 1695 prope
1494 1610 1889 1678 Essekinum
1948 1621 2215 1692 reperta
2276 1607 2358 1689 ⁸).
2444 1608 2549 1670 Ex
2593 1626 2724 1692 quo

1570 2039 1599 2059 N

1625 2160 1965 2221 Commutts
2008 2157 2287 2218 Romam·
2299 2175 2325 2216 .·

1822 2257 2029 2323 Aurei
2133 2273 2154 2292 ·

1822 2357 2145 2444 Argentei

1740 2519 1745 2531 ,
1824 2460 2035 2524 Aenei
2072 2481 2239 2525 max.
2272 2459 2450 2524 mod.

1824 2562 2035 2625 Aenei
2079 2563 2128 2625 l.
2159 2576 2226 2624 et
2265 2563 2348 2626 11.
2393 2560 2646 2626 formae

2239 2296 2683 2322 .....

1822 2638 2504 2725 Aenei‘111.formae.
2552 2707 2569 2726 .
2660 2708 2679 2729 .
2765 2704 2783 2723 .

1629 2769 1967 2830 Commatiae
1997 2768 2330 2845 ρει-θρήνει·
2345 2787 2370 2826 .·

2775 2295 3542 2321 00000000

2479 442 3051 521 PAVLINA.

2850 639 3157 712 apparet,
3216 628 3645 694 Maximinum
3707 647 3862 716 post
3917 634 4128 699 victos
4179 637 4345 701 Ger-

2850 748 3077 790 manos
3137 750 3306 794 anno
3351 733 3435 800 V.
3486 733 3558 795 C.
3618 750 3744 813 99⁰
3797 732 4142 801 dimicasse
4189 759 4339 803 cum

2847 829 3078 904 Dacis,
3129 844 3198 892 et
3242 822 3589 910 Sarmatis,
3634 845 3984 919 antequam
4027 839 4341 903 Sirmium

2846 930 2915 992 in
2969 930 3243 994 hiberna
3285 933 3704 998 concederet.
3781 936 4186 1020 Capitolinus
4231 936 4339 1023 b),

2848 1045 2917 1094 et
2959 1032 3376 1097 Herodianus
3429 1035 3598 1105 belli
3650 1035 3781 1118 jam
3839 1050 3997 1104 tune
4040 1052 4189 1105 eum
4217 1041 4338 1105 ‘his

2849 1134 3154 1218 gentibus
3219 1136 3389 1219 gesti
3430 1158 3563 1200 non
3607 1138 4007 1218 meminere,
4070 1134 4191 1206 sed
4230 1164 4336 1208 so·

2845 1236 2984 1298 lum
3056 1251 3610 1315 commemorant,
3685 1239 3992 1304 habuisse
4049 1262 4204 1306 eum
4263 1246 4331 1308 in

2844 1337 3095 1414 animo,
3142 1327 3511 1418 Sarmatas,
3556 1352 3624 1402 et
3666 1357 3893 1402 omnes
3942 1343 4334 1409 Germaniae

2842 1438 3152 1503 barbaras
3194 1439 3491 1514 nationes
3552 1442 3823 1509 Oceano
3884 1456 4076 1511 tenua
4114 1446 4340 1532 subju·—

2847 1538 3070 1626 gandi.

2511 1957 3013 2027 PRETJVM.

2873 2499 3536 2527 .......

2871 2664 3705 2735 .......0.

1817 2865 2095 2933 Vrbium
2147 2860 2545 2943 liberarum,
2592 2878 2660 2929 et
2697 2862 3104 2932 coloniarum
3191 2907 3211 2927 .
3298 2903 3317 2924 .
3407 2908 3424 2925 .
3509 2908 3528 2926 .
3615 2867 3697 2935 R.

1815 2965 2245 3031 Alexandrini
2338 3012 2357 3033 .
2445 3013 2465 3033 .
2555 3011 2572 3030 .
2663 3009 2680 3028 .

2767 3005 3528 3031 ........
3612 2970 3720 3034 Β»
4087 2960 4110 2989 ’

2498 3254 2636 3348 ΡΑ
2656 3287 2781 3349 γι,
2799 3286 3017 3349 [ΝΑ.

1338 3487 1444 3549 De
1477 3486 1816 3551 Maximini
1866 3508 2075 3552 uxore
2120 3487 2285 3551 haee
2318 3487 2700 3552 A‘mmianus

1213 3587 1638 3653 Marcellinus
1670 3592 1765 3671 θ).
1811 3589 2015 3652 fuisse
2060 3610 2201 3653 eam
2247 3590 2542 3654 moribus
2566 3590 2700 3672 pla·

1213 3689 1412 3767 cidiz,
1492 3703 1560 3753 et
1633 3710 1829 3774 saepe
1888 3691 2109 3755 ferum
2186 3691 2493 3754 maritum
2557 3691 2699 3773 ejus

1208 3790 1707 3853 mansuetudine
1750 3790 1833 3853 ad
1880 3794 2138 3855 mitiora
2173 3793 2461 3856 consilia·
2494 3792 2698 3855 fuisse

1207 3906 1613 3959 revocatum.
1657 3892 1819 3975 Ejus
1856 3914 2096 3957 nomen
2129 3914 2345 3978 neque
2387 3894 2536 3971 ille,
2580 3913 2697 3956 ne·

1211 4017 1342 4082 que
1371 4000 1541 4060 alter
1575 3997 1912 4081 quisquam
1951 3991 2334 4079 prodidere.
2408 3996 2695 4064 Censent

1209 4098 1490 4176 eruditi,
1573 4099 1636 4159 ei
1715 4095 2180 4180 adjudicandos
2239 4116 2512 4176 numos,
2571 4099 2694 4182 *qui

1204 4205 1524 4265 Paulinae
1555 4201 1820 4264 nomine
1856 4200 2343 4280 inscribuntur,
2385 4199 2508 4262 etsi
2552 4218 2695 4261 cer·

1202 4317 1335 4366 tam
1381 4302 1523 4385 ejus
1569 4301 1798 4384 judicii
1851 4303 2173 4364 rationem
2226 4320 2362 4364 non
2409 4311 2693 4363 teneant.

1205 4403 1495 4466 Nimium
1534 4402 1863 4465 subtiliter
1900 4402 2097 4465 abbas
2136 4404 2441 4465 Fontenu
2480 4400 2700 4464 Pausi·

2812 3507 2962 3549 nam
3006 3481 3348 3549 Maximini
3399 3501 3675 3550 uxorem
3723 3491 3947 3555 statuit
4003 3508 4308 3577 propter-

2816 3607 2939 3665 ea,
3027 3585 3207 3673 quod
3259 3605 3405 3649 eam
3465 3589 3791 3652 Maximus
3851 3593 4091 3657 Caesar
4133 3595 4305 3660 facie

2814 3689 3093 3752 multum
3151 3686 3436 3767 referat,
3497 3708 3737 3776 nempe
3785 3705 3857 3755 ut
3911 3709 4184 3758 matrem
4225 3695 4306 3770 fi·

2813 3789 2940 3860 lius
2973 3789 3065 3869 d).
3102 3789 3312 3858 Vivae
3346 3791 3733 3856 numismata
3765 3793 4031 3874 desunt,
4078 3816 4306 3861 consev-
4355 3855 4366 3860 -

2809 3890 3120 3953 erationis
3149 3905 3374 3953 notam
3419 3895 3634 3957 omnia
3675 3896 3992 3960 hactenus
4036 3910 4300 3981 reperta

2810 3990 3211 4076 praeferunt.
3275 3989 3380 4054 Ex
3407 4004 3540 4078 quo
3575 3996 3807 4075 confit,
3853 4001 3909 4061 si
3945 3998 4139 4060 modo
4174 3998 4304 4061 fuit:

2807 4093 3001 4177 hujus
3020 4093 3335 4177 Augusti,
3369 4096 3776 4164 vivo'marito
3796 4101 3968 4163 diem
3989 4098 4295 4163 obi-visse.

2811 4198 2882 4259 Si
2929 4192 3096 4258 fides
3142 4195 3492 4278 syncello,
3539 4212 3605 4261 et
3643 4201 3979 4279 Zonaras),
4023 4199 4103 4264 ab
4151 4200 4296 4285 ipso

2809 4299 3168 4366 Maximino
3204 4302 3284 4365 ad
3316 4312 3600 4366 mortem
3632 4299 3857 4366 adacta
3887 4317 4013 4366 est.

3359 4448 3399 4486 Ο
3517 4401 3560 4442 .
3686 4448 3726 4486 Ο

1272 4611 1337 4680 a)
1376 4607 1938 4671 Schi'mwisnetaelter
1963 4609 2133 4668 Rom.
2166 4628 2275 4687 pet·
2300 4610 2494 4668 Pam.
2513 4623 2574 4687 p.
2604 4612 2693 4675 67.
2807 4610 2878 4683 b)
2908 4611 3055 4688 Cap.
3097 4625 3185 4680 13.
3298 4614 3359 4687 c)
3395 4609 3460 4670 1..
3482 4611 3640 4676 xlv.
3673 4610 3786 4671 sub
3810 4611 3939 4671 init.
4014 4611 4086 4687 d)
4118 4613 4182 4671 B.
4221 4611 4283 4669 L.

1202 4696 1372 4764 Tum,
1414 4696 1487 4753 X.
1526 4716 1588 4775 p.
1627 4699 1754 4762 462.

4047 4742 4095 4795 Ι
