4652 5937
2335 458 2681 535 I'VLIA
2750 453 3170 533 MAESA.

1203 471 1348 555 266

2463 746 2678 809 PBE'
2694 743 2807 809 TI
2826 736 2993 809 VM.

1470 918 1493 949 ¹
1591 936 1931 1000 Commune
1961 936 2266 998 Romania
3903 980 3912 989 .

1784 1035 1992 1099 Aurei
2135 1068 3324 1098 ............
3403 1069 3427 1097 .
3612 1027 3879 1105 mum.

1783 1134 2107 1219 Argentei
2234 1176 2253 1196 .
2343 1174 2364 1196 .
2453 1176 2473 1198 .
2557 1174 2578 1196 .
2663 1175 2682 1194 .
2769 1174 2788 1192 .
2874 1154 2924 1194 0¹
2979 1173 2998 1191 .
3085 1172 3107 1193 .
3194 1175 3213 1193 .
3270 1174 3318 1199 ..
3361 1200 3366 1203 ,
3407 1172 3426 1194 .
3507 1166 3531 1196 .
3613 1129 3841 1195 vixR.

1783 1232 1996 1300 Aonei
2039 1239 2090 1298 Ι.
2138 1248 2206 1299 et
2250 1237 2333 1297 11.
2378 1231 2633 1296 formae
2766 1273 3536 1299 ........
3620 1231 3703 1296 R.

1572 1342 1912 1405 Commau's
1931 1339 2265 1421 pereyrt'm‘
2280 1360 2303 1400 .-
2350 1348 2422 1399 ut
2452 1334 2766 1400 continuo
2795 1328 3065 1423 dictum.

2358 1651 2682 1714 IVLIA
2751 1652 3146 1714 MAESA.

1224 1918 1231 1921 ,
1322 1853 1623 1915 Domnae
1666 1868 1900 1928 soror,
1947 1846 2351 1911 Soaemiadis
2404 1865 2489 1909 ex
2521 1847 2690 1911 Iulio

1191 1953 1389 2019 Avito
1428 1965 1670 2027 mater,
1713 1948 2059 2034 Elagabali
2099 1948 2259 2014 avia.
2334 1952 2690 2034 Postquam

1197 2057 1488 2119 Severus
1526 2051 1876 2135 imperium
1909 2050 2234 2115 invaserat
2258 2095 2276 2125 ‚
2324 2070 2408 2114 ex
2439 2051 2691 2132 patriae

1194 2157 1480 2218 Emesae
1522 2151 1795 2215 latebris
1832 2150 2081 2213 sororis
2118 2148 2445 2214 beneficio
2480 2150 2550 2213 in
2584 2172 2695 2214 au-

1193 2259 1330 2337 lam
1379 2254 1680 2321 traducta
1703 2296 1720 2328 ,
1763 2251 1969 2314 futuri
2017 2272 2153 2315 non
2189 2252 2556 2336 improvida
2589 2252 2694 2315 rei

1189 2355 1613 2443 pecuniariae
1660 2373 1929 2438 operam
1978 2352 2198 2431 dedit,
2244 2354 2425 2440 quod
2474 2353 2539 2417 ei
2581 2353 2695 2417 ‹le-

1188 2460 1421 2541 inceps
1468 2477 1705 2540 magno
1742 2454 1827 2520 ad
1874 2453 2309 2539 perficienda,
2355 2472 2522 2539 quae
2556 2473 2695 2517 me-

1021 2574 1038 2593 ·
1140 2552 1562 2634 ‘ditabatum
1608 2554 1985 2639 adjumento
2037 2552 2180 2619 fuit.
2268 2558 2434 2619 Nam
2496 2568 2689 2619 caeso

1192 2659 1530 2726 Caracalla
1573 2660 1720 2733 aula
1759 2659 2085 2722 excedere
2123 2657 2336 2740 jussa,
2380 2658 2696 2720 Emesae-

1164 2782 1324 2847 «que
1368 2781 1520 2824 suae
1571 2761 1913 2838 restituta,
1960 2779 2110 2823 cum
2151 2759 2419 2821 adsueta
2472 2759 2692 2841 splen-

1193 2854 1344 2924 dori
1388 2862 1603 2925 aulico
1643 2861 1928 2945 privatas
1978 2858 2285 2923 tenebras
2341 2859 2688 2936 fastidiret,

1189 2962 1583 3047 videretque
1634 2960 1846 3022 minus
1895 2959 2164 3042 probari
2203 2959 2521 3024 militibus
2554 2964 2691 3025 Ma-

1197 3066 1455 3131 crinum
1477 3108 1495 3139 ,
1542 3061 1745 3123 didita
1778 3061 1951 3123 inter
1984 3061 2105 3124 hos
2132 3059 2339 3138 fama,
2384 3074 2690 3147 tanquam

1192 3184 1403 3249 nepos
1459 3161 1856 3245 Elagabalus
1910 3153 2317 3228 Soaemiadis
2390 3182 2546 3226 suae
2607 3182 2692 3225 ex

1196 3258 1533 3342 Caracalla
1594 3262 1771 3344 filins
1826 3276 2043 3338 esset,
2101 3282 2216 3325 eos
2279 3284 2411 3325 non
2474 3263 2690 3327 minus

1193 3366 1619 3431 Antoniniani
1639 3365 1920 3427 nominis
1950 3364 2448 3448 superstitione,
2496 3386 2688 3449 quam

1189 3468 1480 3554 profusis
1509 3465 1969 3551 largitionibus
2007 3466 2301 3550 impulit,
2347 3480 2420 3528 ut
2454 3465 2692 3550 Elaga-

1187 3570 1416 3634 balum
1479 3570 1776 3632 Macrino
1848 3566 2263 3643 sufficerent,
2311 3567 2690 3653 effecitque,

1193 3686 1270 3734 ut
1322 3671 1613 3735 oblatum
1663 3669 2016 3753 imperium
2068 3667 2276 3731 relata
2318 3667 2561 3750 insigni
2596 3666 2693 3732 vi·

1195 3773 1407 3838 otoria
1473 3769 1873 3848 solidarent,
1933 3792 2123 3854 quam
2186 3770 2326 3853 ipsa
2392 3788 2524 3831 non
2582 3789 2696 3852 pa·

1132 3889 1137 3893 ’
1185 3896 1345 3946 rum
1393 3875 1761 3957 promovit,
1806 3869 2066 3958 quando
2107 3870 2512 3954 fugientibus
2557 3869 2689 3953 jam

1195 3976 1331 4038 suis
1386 3976 1456 4036 in
1506 3976 1786 4039 mediam
1842 3973 2057 4054 'aciem
2107 3992 2255 4034 cum
2305 3969 2691 4034 Soaemiade

1195 4078 1551 4161 provolans
1612 4075 1987 4157 exemplum
2037 4073 2104 4133 in
2159 4092 2230 4133 se
2284 4072 2577 4163 virtutis,
2625 4085 2694 4135 et

1194 4177 1397 4241 animi
1455 4177 1770 4263 intrepidi
1818 4176 2002 4240 (ledit
2052 4175 2132 4256 ⁸).
2221 4171 2330 4236 Ob
2381 4174 2690 4237 collatam

1192 4278 1526 4342 illustrem
1591 4279 1760 4357 hanc
1822 4299 2092 4363 operam
2165 4274 2353 4339 'aucta
2424 4273 2690 4359 quidem

1193 4378 1472 4443 subinde
1525 4378 1889 4445 honoribus
1942 4380 2282 4456 omnibus,
2347 4388 2417 4440 et
2468 4376 2692 4459 Augu·

2808 1860 2946 1911 stae
2993 1846 3188 1911 titulo
3240 1857 3500 1923 ornata,
3575 1864 3808 1911 verum
3855 1865 4005 1917 cnm
4057 1846 4300 1913 mulier

2805 1948 3152 2033 perspicax
3197 1945 3528 2010 funestum
3571 1948 4115 2033 nepotisexitum
4144 1970 4302 2034 pro·

2805 2064 2959 2134 pter
3015 2047 3427 2113 intractabile
3475 2048 3652 2131 ‘ejus
3713 2049 4085 2134 ingenium,
4141 2052 4305 2116 alte·

2806 2116 3080 2236 ramque
3109 2170 3335 2213 rerum
3366 2170 3628 2212 suarum
3663 2150 4162 2215 conversionem
4196 2153 4295 2236 ju-

2757 2319 2767 2327 ,
2808 2273 2885 2316 re
2930 2264 3293 2329 metueret,
3351 2249 3476 2314 hac
3527 2250 3670 2335 ipsa
3724 2252 3865 2336 ejus
3918 2255 4165 2337 insania
4229 2255 4300 2316 in

2805 2375 2951 2418 rem
3015 2376 3198 2417 suam
3265 2373 3416 2429 usa,
3489 2356 3844 2436 persuadet
3912 2354 4296 2438 Elagabalo,

2805 2470 2917 2533 ut,
2961 2456 3268 2542 quoniam
3302 2455 3443 2538 ipse
3478 2453 3588 2516 dei
3628 2455 3728 2517 sui
3769 2455 3988 2533 cultu,
4033 2455 4299 2541 divinis-7
4383 2525 4396 2531 -

2804 2577 2933 2644 que
2987 2556 3402 2621 caerimoniis
3448 2554 3912 2633 distineretur,
3959 2558 4301 2642 adoptaret

2806 2658 3273 2722 consobrinum
3321 2657 3810 2736 Alexandrum,
3869 2658 3982 2743 qui
4039 2679 4164 2742 pro
4222 2679 4299 2721 se

2803 2772 3068 2823 terrena
3116 2773 3379 2823 curaret
3422 2756 3511 2840 b).
3568 2762 3800 2845 Neque
3857 2761 4001 2822 erat
4031 2760 4115 2822 ad
4162 2781 4303 2823 mu·

2803 2860 2990 2925 lieris
3023 2860 3030 2867 “
3064 2861 3341 2923 salutem
3389 2854 3768 2923 'consilium
3844 2862 4297 2945 opportunius,

2805 2962 3186 3049 certiusque
3206 2966 3238 3044 3‘
3272 2983 3423 3024 nam
3456 2982 3607 3025 oum
3636 2977 3808 3027 esset
3839 2948 4201 3027 communis
4229 2978 4302 3027 et

2804 3065 3211 3156 Elagabali,'
3257 3079 3326 3128 et
3388 3063 3747 3127 Alexandri
3814 3064 4028 3152 avia,
4076 3086 4301 3149 quam,-

2807 3186 3065 3253 cunque
3130 3166 3373 3232 deinde
3431 3164 3760 3228 fortunam
3804 3163 3921 3228 illa
3965 3165 4302 3248 experire-

2805 3284 2953 3348 tur,
3014 3279 3312 3353 paratum
3371 3265 3598 3328 habuit
3649 3266 3911 3349 imperii
3966 3285 4305 3342 successo-⁴

2802 3392 2988 3448 rem,
3051 3371 3328 3432 alterum
3400 3388 3484 3430 ex
3539 3366 3675 3430 filia
3742 3359 4038 3431 Mamaea
4097 3387 4300 3451 nepo-

2803 3485 2961 3535 tem.
3027 3473 3288 3534 Revera
3342 3469 3450 3534 hic
3485 3488 3720 3532 everso
3755 3483 4033 3553 propter
4083 3470 4302 3534 crimi-

2804 3595 2964 3638 num
3022 3570 3429 3636 atrocitatem
3481 3568 3845 3654 Elagabalo
3906 3590 4133 3634 rerum
4179 3590 4316 3655 po-‚

2803 3676 2963 3738 titus
3014 3671 3192 3736 omni
3243 3669 3656 3735 observantia
3693 3670 3902 3732 aviam
3942 3685 4043 3735 est
4069 3690 4299 3757 prose·

2808 3789 3036 3848 cutus,
3094 3773 3237 3857 ipsa
3285 3793 3443 3835 vero
3499 3769 3817 3855 participe
3868 3767 4294 3838 consiliorum

2807 3881 3101 3939 Mamaea
3159 3895 3291 3936 non
3354 3873 3635 3936 cessavit
3684 3874 4044 3956 praeclaris
4095 3877 4304 3958 monif

2808 3978 2891 4039 tis
2937 3976 3235 4050 imbuere
3291 3973 3799 4037 adolescentiam
3868 3978 4166 4059 nepotis,
4231 3992 4304 4041 et

2805 4091 3068 4141 veteres
3103 4069 3321 4138 mores
3344 4095 3466 4159 per
3496 4075 3764 4137 alterius
3788 4075 4117 4140 infamiam
4153 4100 4302 4158 cor-

2805 4191 3035 4260 ruptos
3077 4161 3420 4241 revocare.
3513 4177 3820 4262 Denique
3873 4194 4164 4255 mortua,
4224 4193 4297 4242 ut

2755 4308 2761 4314 ·
2808 4289 3183 4361 optaverat,
3227 4278 3615 4363 tranquille,
3680 4293 3746 4341 et
3793 4280 3874 4341 ab
3921 4280 4295 4345 Alexandro

2808 4377 3158 4443 coelitibus
3188 4377 3434 4441 inserta
3460 4393 3599 4456 est,
3644 4393 3716 4442 ut
3753 4379 4030 4449 dicetur.

1273 4713 1335 4784 a)
1376 4711 1490 4769 Dio
1516 4711 1594 4784 L.
1633 4709 1957 4779 LXXVHI.
1996 4715 2045 4786 ξ.
2083 4722 2172 4781 38.

2361 4712 2432 4784 b)
2471 4707 2791 4772 Herodian.
2834 4711 2898 4788 in
2935 4705 3099 4791 Elag.
