4652 5937
1436 348 2231 461 A'vRELIANVS.

233 568 469 630 Solu
513 569 871 639 radaeatum,
917 584 1083 645 prae
1142 584 1266 647 quo
1323 572 1600 645 quatuor
1639 565 1782 643 ejus

233 672 449 750 equi·
498 667 742 729 AE.11.
780 668 979 746 (Mus.
1015 668 1234 748 Caes.)

559 767 1142 838 AVRELIANVS.
1190 766 1439 835 AVG.
1526 761 1779 827 CONS.

316 950 342 959 ..
564 873 742 932 Idem
782 879 986 947 typus.

241 968 484 1034 SOL.
531 969 964 1037 DOMINVS.
1006 967 1342 1030 IMPERI.
1401 965 1779 1030 ROMANI.

249 1076 494 1151 Caput
531 1077 710 1135 Solis
763 1074 1002 1133 nudum
1052 1073 1290 1152 absque
1322 1070 1554 1128 radiis.
1640 1065 1778 1128 ΑΕ.

222 1191 453 1245 ‚mam
487 1173 660 1235 mod.
691 1175 894 1254 (Mus.
921 1171 1172 1250 Pisani)
1205 1170 1440 1233 AE.11.
1464 1165 1735 1246 (Band.)

404 1274 518 1337 Ad
550 1274 826 1337 eximios
869 1273 989 1335 hos
1035 1274 1269 1333 numos
1331 1268 1555 1330 distuli
1598 1286 1779 1328 men-

249 1362 533 1439 tionem
564 1378 812 1451 cultus,
866 1396 1061 1459 quem
1085 1371 1473 1435 Aurelianus
1496 1369 1777 1438 ‚testibus

254 1478 502 1540 maniis
546 1492 613 1540 et
657 1470 988 1538 historicis
1034 1474 1471 1557 singularem,
1518 1487 1586 1534 et
1628 1472 1776 1555 plus

260 1575 592 1640 omnibus
653 1577 967 1640 hactenus
1025 1574 1428 1657 principibus
1476 1573 1617 1634 Soli
1659 1574 1778 1632 im-

255 1679 547 1761 pendit,
591 1699 787 1764 quem
831 1700 868 1740 a
913 1688 1121 1741 matre
1166 1673 1472 1736 habuisse
1517 1674 1777 1735 heredi-

252 1779 556 1855 tarium,
638 1800 723 1841 ex
761 1779 1129 1843 vCallicrate
1199 1775 1394 1839 docet
1449 1776 1776 1861 Vopiscus

259 1879 657 1955 referente,
723 1878 927 1943 fuisse
988 1899 1133 1941 eam
1181 1876 1590 1939 sacerdotem
1636 1874 1779 1956 ejus

265 1974 443 2044 astri
483 1981 550 2041 in
589 1975 671 2042 eo
716 1981 899 2057 vico,
961 1979 1032 2041 in
1077 1997 1208 2063 quo
1252 1976 1627 2037 habitabant
1667 1996 1780 2057 pa·
1818 1972 1824 1977 ’

264 2097 508 2147 rentes
540 2086 621 2163 ⁸).
710 2082 936 2145 Crevit
979 2080 1143 2142 haec
1186 2076 1505 2163 principis
1547 2075 1614 2136 in
1660 2075 1781 2137 So-

268 2184 419 2248 lem
480 2182 933 2257 observantia,
1006 2177 1266 2265 quando
1340 2176 1591 2241 bellum
1653 2175 1780 2237 sibi

272 2285 562 2368 sumpsit
589 2282 903 2348 adversus
919 2281 1275 2343 Zenobiam
1311 2277 1685 2364 gerendum
1709 2275 1777 2337 in
1816 2331 1821 2337 .

236 2434 239 2437 ι
281 2385 592 2462 Oriente,
629 2403 821 2469 quem
841 2383 1015 2445 Solis
1033 2382 1305 2445 arbitrio
1325 2378 1595 2443 subesse
1618 2376 1777 2439 olim

277 2486 652 2564 creditum3
699 2503 901 2568 quare
946 2499 1015 2547 et
1063 2483 1239 2545 Solis
1283 2494 1477 2565 caput
1521 2499 1779 2562 compa-

278 2600 389 2650 ret
432 2587 504 2648 in
545 2587 761 2648 numis
806 2583 1109 2668 Traiani,
1172 2582 1331 2668 quin
1387 2596 1456 2644 et
1511 2583 1605 2645 Μ.
1647 2581 1778 2641 An-

278 2688 446 2753 tonii
492 2687 746 2764 luviri,
790 2687 904 2773 qui
943 2703 1184 2768 nempe
1239 2680 1435 2746 bellis
1480 2681 1778 2747 Orientis

284 2787 787 2852 distinebantur.
875 2787 1073 2883 Quod
1143 2784 1408 2871 quidem
1471 2783 1647 2846 Solis
1706 2783 1774 2844 in

285 2890 630 2955 Orientem
669 2889 1019 2974 imperium
1056 2908 1189 2951 non
1216 2885 1413 2971 primi
1440 2902 1774 2967 agnovere

279 2993 600 3069 Romani,
648 2991 767 3053 sed
792 2992 924 3074 jam
955 2990 1190 3075 priscis
1208 2986 1615 3070 temporibus
1648 2984 1774 3068 ipsi

286 3094 579 3156 Graeci.'
630 3093 896 3155 Etenim
939 3105 1109 3154 teste
1151 3087 1471 3150 Pausania
1512 3085 1772 3168 pridem

256 3183 644 3259 Troezenii
687 3214 866 3258 aram
909 3209 1188 3257 erexere
1218 3183 1388 3247 Ηλω
1415 3185 1772 3264 Ελευθεριε,

288 3304 462 3370 Solis
501 3300 936 3372 Liberatorae‘s,
998 3290 1176 3378 quod
1235 3288 1416 3372 ejus,
1477 3300 1551 3348 ut
1591 3297 1775 3385 puta-

292 3402 482 3478 bant,
549 3419 676 3484 ope
719 3422 756 3463 a
802 3410 983 3460 metu
1024 3390 1266 3456 Xerxis
1309 3403 1379 3451 et
1419 3376 1772 3449 Medorum

292 3501 549 3566 liberati
579 3512 819 3567 essent.
879 3499 1065 3579 Ergo
1100 3506 1170 3557 et
1199 3490 1593 3555 Aurelianus
1634 3486 1774 3549 fau·

147 3596 151 3600 ’
222 3627 227 3630 ·
294 3601 391 3668 sto
442 3621 598 3666 usus
659 3600 802 3684 ejus
859 3595 1025 3659 belli
1080 3592 1356 3658 exordio
1412 3587 1772 3672 Elagabalo

293 3707 650 3780 Emeseno,
697 3701 810 3786 qui
852 3697 1028 3760 idem
1073 3717 1222 3760 cum
1254 3694 1412 3759 Sole
1454 3690 1619 3767 fuit,
1665 3711 1777 3755 eu·
1824 3687 1827 3690 ’

294 3807 516 3891 jusque
547 3804 672 3868 sibi
706 3821 901 3886 opem
934 3818 1059 3890 per
1095 3817 1241 3861 eam
1283 3792 1774 3878 expeditionem
1822 3797 1823 3800 ’

297 3906 571 3973 adfuisse
628 3904 931 3979 rebatur,
1003 3912 1155 3965 vota
1194 3897 1550 3982 persolvit,
1610 3893 1775 3956 tem-

300 4009 602 4095 plumque
633 4002 930 4071 fundavit
957 3997 1045 4083 ¹’).
1087 4000 1378 4063 Eosdem
1416 3997 1614 4061 etiam
1656 3993 1776 4059 ho·

298 4126 480 4173 nores
499 4107 641 4172 soh
658 4106 1002 4185 Palmyrae
1031 4101 1391 4176 constituit,
1418 4117 1584 4184 quae
1613 4095 1773 4159 urbs

307 4211 432 4295 ejus
489 4207 648 4273 astri
708 4204 960 4269 numini
1019 4203 1214 4266 enixe
1259 4202 1494 4266 devota
1533 4198 1657 4263 fuit
1689 4202 1832 4280 0).-

302 4313 377 4376 At
411 4307 832 4398 praecipuum
866 4305 1029 4376 tanti
1074 4302 1373 4367 adfectus
1425 4321 1773 4387 argumen-

367 4624 421 4699 ε)
454 4620 511 4681 iu
552 4617 851 4698 Aurelian.
891 4639 942 4684 c.
981 4627 1038 4684 4.
1179 4621 1253 4696 b)
1288 4620 1603 4699 Vopiscus.

1751 4623 1811 4715 ς)
1851 4619 2005 4684 Ibid.

3246 413 3395 484 483

1897 578 2037 627 tum
2082 565 2208 629 fuit
2251 566 2574 649 templum
2631 569 2971 634 immensis
3032 579 3399 661 sumptibus

1894 667 2147 729 Romae
2194 668 2335 750 eJ’us
2372 669 2612 732 honori
2660 688 2990 751 erectum,
3039 677 3224 761 cujus
3263 701 3402 743 om-

1884 784 2015 826 -nes
2070 768 2215 831 fere
2279 770 2640 851 scriptores
2698 788 2962 839 veteres
3007 779 3396 847 meminere.

1897 864 2057 928 Inde
2117 867 2402 945 factum,
2473 885 2546 932 ut
2601 873 2811 953 major
2866 898 3218 941 numorum
3262 882 3397 943 Au-

1893 969 2130 1030 reliani
2175 991 2328 1052 pars
2385 970 2560 1033 Solis
2606 974 2852 1037 cultum
2905 976 3141 1059 jactet,
3189 994 3256 1044 et
3287 1000 3397 1050 aut

1872 1070 2077 1132 ⁴solus
2107 1090 2376 1133 aversae
2412 1085 2638 1155 typum
2675 1077 3067 1154 constituat,
3116 1097 3231 1144 aut
3252 1084 3398 1173 ejus

1895 1171 2127 1232 saltem
2171 1185 2367 1255 caput
2410 1172 2476 1232 in
2520 1177 2703 1236 numi
2749 1198 2899 1240 area
2946 1177 3235 1244 defixum
3285 1185 3391 1248 sit.

1865 1270 2057 1367 ‚Ejus
2102 1273 2366 1357 generis
2404 1288 2591 1337 sunt.
2642 1277 2991 1342 ORIENS.
3023 1282 3224 1348 AVG.
3272 1290 3401 1351 Sol

1895 1382 2112 1448 stans,
2179 1394 2460 1457 quorum
2533 1375 2944 1441 incredibilis
3009 1398 3109 1445 est
3173 1387 3392 1469 copia.
3457 1429 3464 1443 ,

1890 1474 2333 1536 PACATOR.
2380 1474 2667 1540 ORBIS.
2740 1482 2873 1541 Sol
2910 1493 3109 1557 stans.
3182 1488 3395 1551 PRO·

1891 1575 2188 1642 VIDEN.
2222 1572 2496 1636 DEOR.
2544 1582 2705 1656 Sol,
2749 1591 2815 1643 et
2855 1587 3086 1644 mulier
3122 1589 3276 1647 bina
3304 1592 3393 1650 si·

1884 1698 2022 1758 qna
2043 1681 2364 1739 militaria
2378 1689 2643 1757 yeseans
2660 1692 2926 1745 stantes.
2971 1678 3392 1756 RESTlTv-
3459 1759 3468 1765 ,

1893 1778 2099 1841 TOR.
2138 1778 2581 1842 ORIENTIS.
2626 1787 2754 1846 Sol
2771 1794 2972 1845 stans.
3021 1783 3392 1850 SOLMN-
3443 1846 3444 1849 ,

1889 1875 2185 1946 VICTO.
2244 1878 2371 1940 Sol
2400 1886 2723 1959 captivum
2756 1891 2921 1964 pede
2963 1889 3258 1963 calcans,
3297 1890 3390 1952 ‘de

1891 1999 2022 2063 quo
2061 1978 2253 2039 titulo
2294 1981 2403 2062 egi
2441 1982 2507 2041 in
2556 1985 2782 2045 numis
2816 1986 3095 2049 Emesae
3135 1984 3389 2068 Syriae.

1890 2078 2151 2154 MARS.
2183 2080 2616 2148 INVICTVS.
2662 2085 2791 2145 Sol
2812 2089 3072 2164 qlobum
3102 2093 3396 2153 adstanti

1892 2186 2034 2269 ciro
2069 2184 2349 2243 militari
2378 2187 2660 2277 gradens.
2740 2186 2813 2243 ln
2849 2187 3064 2248 numis
3113 2187 3391 2265 duobus,

1891 2282 1960 2343 iu
2003 2280 2240 2366 quibus
2283 2303 2460 2347 nunc
2503 2304 2881 2361 versamur,
2944 2288 3151 2370 magis
3196 2311 3390 2374 appa-

1890 2397 2042 2444 rent
2083 2383 2374 2447 honores
2417 2386 2483 2445 in
2531 2387 2757 2449 Solem
2815 2387 3077 2463 collati,
3144 2391 3393 2475 quippe

1892 2483 2006 2566 qui
2050 2502 2201 2545 eum
2245 2491 2570 2549 dominum
2613 2491 2871 2568 imperii
2901 2491 3178 2553 Romam·
3220 2494 3393 2555 salu·

1891 2595 2064 2660 tant,
2113 2586 2291 2668 quod
2320 2587 2424 2647 illi
2473 2588 2674 2651 decus
2717 2589 3078 2668 imperator
3121 2612 3424 2683 quoque⁸

1891 2682 2178 2746 Iulianus
2222 2699 2360 2748 tota
2403 2707 2479 2749 ea
2526 2688 2856 2766 oratione,
2920 2711 3114 2772 quam
3174 2691 3242 2754 in
3284 2714 3392 2756 re-

1892 2803 2044 2868 gem
2091 2786 2334 2849 Solem.
2364 2788 2667 2873 scripsit,
2712 2789 3084 2855 liberaliter
3127 2792 3414 2872 detulit,-

1891 2904 1975 2948 eo
1999 2908 2205 2972 usque
2232 2889 2532 2953 adulatus
2574 2890 2945 2966 serviliter,
2989 2907 3061 2955 ut
3106 2915 3237 2957 non
3274 2895 3398 2970 dus

1888 2987 2129 3052 hilaret
2182 3011 2338 3055 mox
2399 2993 2468 3054 in
2531 2992 2809 3054 exordio
2874 2992 3209 3076 profiteri:
3288 3021 3392 3058 και

1888 3109 2016 3171 «γαρ
2068 3087 2198 3173 ε”ιμι
2241 3116 2317 3153 τε
2339 3096 2642 3166 βασιλεως
2696 3085 2930 3166 ὁπαδσς
2981 3093 3187 3175 Ham,
3248 3121 3391 3170 mm

1886 3195 2057 3252 enim
2085 3197 2260 3272 reyis
2283 3197 2468 3256 Solis
2493 3217 2713 3259 servus
2748 3204 3132 3262 adsectator.
3180 3203 3392 3263 Tanta

1886 3288 1955 3350 in
1983 3290 2211 3352 Solem
2249 3290 2378 3355 hoo
2413 3312 2579 3362 aevo
2612 3295 2926 3379 obsequia
2957 3317 3090 3360 non
3125 3299 3394 3361 mirabi-

1885 3402 2034 3466 tur,
2078 3391 2192 3475 qui
2225 3392 2570 3460 attonitum
2606 3396 2688 3459 ad
2723 3395 2865 3478 ejus
2896 3396 3133 3460 sideris
3160 3415 3392 3483 poten·

1885 3489 2042 3552 tiam
2081 3491 2366 3554 Plinium
2389 3537 2408 3569 ,
2452 3495 2709 3581 sibique
2739 3496 2910 3560 illud
2938 3497 3085 3562 fere
3121 3500 3392 3565 unicum

1885 3607 2131 3655 numen
2163 3593 2490 3658 creditum
2521 3595 2903 3681 noverit-d).

1947 3698 1955 3704 '
2015 3698 2240 3780 Typus
2297 3696 2486 3780 prior
2548 3713 2825 3783 propter
2894 3701 3147 3768 additas
3209 3703 3387 3768 Solis

1888 3796 2238 3892 quadrigas
2314 3797 2675 3877 illustrior3
2748 3801 2818 3862 in
2888 3802 3104 3865 altero
3158 3783 3422 3883 numo,=

1887 3897 2016 3959 nisi
2046 3893 2305 3980 juraret
2338 3897 2681 3985 inscriptio
2703 3946 2723 3981 ,
2749 3901 2943 3966 Solis
2983 3917 3177 3988 caput
3193 3904 3390 3969 intel·-

1824 3996 2010 4088 ligi
2040 4017 2175 4062 non
2211 4013 2458 4081 posset.
2539 4047 2552 4052 -

2183 4105 2245 4163 V
2238 4112 2267 4163 l
2305 4105 2403 4165 lit·
2432 4108 2508 4166 B.

1885 4199 2335 4270 VICTORIA.
2366 4204 2565 4273 Ave.
2595 4207 3384 4288 Victoriayradiem.AV.

1840 4389 1845 4394 Ο
1887 4305 2087 4387 (Mus.
2119 4303 2268 4368 abb.
2300 4305 2534 4372 Caccia
2564 4307 2982 4411 Cremonae.)

2085 4579 2858 4697 ⁴annmsa

2688 4716 2975 4801 Ppps
