4652 5937
1199 411 1350 488 302
2315 388 3203 488 TREBONlANVS.

1198 582 1336 653 lum
1382 582 1735 650 contractis
1769 581 2191 647 Valerianum
2247 600 2539 664 purpura
2581 576 2698 640 do-

1197 705 1443 754 natum.
1488 687 1702 748 Etiam
1749 684 2106 763 Eutropius
2153 698 2300 766 post
2342 665 2689 743 obscurum

1196 795 1398 855 trium
1437 791 1757 851 mensium
1783 788 2127 870 imperium
2151 784 2540 880 exstinctum
2565 798 2700 845 tan-

1201 911 1345 958 tum
1383 893 1576 953 docet
1627 889 1803 950 nulla
1854 887 2022 948 facta
2068 886 2287 947 caedis
2340 885 2696 960 mentione,

1202 994 1400 1079 eique
1432 990 1708 1053 subinde
1744 985 2088 1049 suffectum
2113 986 2549 1051 Valerianum.
2594 991 2698 1049 Ex

1203 1098 1441 1159 horum
1491 1112 1651 1174 ergo
1699 1103 2037 1151 auctorum
2099 1086 2230 1151 fide
2278 1088 2698 1151 Treboniano

1207 1196 1613 1259 Aemilianus
1635 1239 1651 1266 ,
1697 1192 1851 1251 huic
1871 1191 2260 1254 Valerianus
2295 1210 2699 1254 successere.

1326 1298 1508 1356 Inter
1533 1296 1694 1355 haec
1731 1293 1960 1375 ingens
1992 1293 2552 1375 chronologorum
2575 1294 2702 1354 dis·

1141 1424 1157 1437 ’
1204 1418 1476 1471 sensus,
1538 1395 1707 1456 sitne
1770 1394 1945 1455 Galli
2004 1394 2237 1455 caedes
2294 1393 2556 1476 figenda
2618 1394 2695 1457 ad

1200 1519 1441 1562 annum
1503 1499 1585 1563 V·
1633 1499 1704 1559 C.
1759 1494 1941 1556 1006.
2003 1497 2075 1553 P.
2124 1497 2201 1556 X.
2252 1497 2413 1570 253,
2479 1519 2556 1558 an
2615 1495 2698 1559 ad

1201 1621 1444 1664 annum
1501 1616 1701 1675 1007,
1759 1599 1832 1656 P.
1880 1599 1962 1657 X.
2009 1598 2172 1669 2531,
2238 1598 2343 1657 cui
2382 1597 2699 1679 praelusit

1203 1704 1350 1785 ipse
1387 1714 1683 1762 veterum
1718 1696 2226 1778 epitomatorum
2262 1696 2594 1759 dissensus
2630 1697 2697 1757 in

1203 1799 1595 1863 definiendis
1674 1787 1934 1879 imperii
2017 1798 2418 1859 'l'reboniani
2495 1798 2697 1860 annis.

1201 1906 1351 1966 Non
1391 1914 1490 1963 est
1524 1898 1653 1961 mei
1688 1898 2003 1972 instituti,
2052 1912 2147 1958 tot
2188 1899 2396 1960 varias
2426 1889 2698 1961 ‘nostrae

1201 2003 1432 2066 aetatis
1488 2001 2048 2083 chronologorum
2097 2002 2452 2062 sententias
2489 2000 2552 2061 in
2590 2021 2700 2062 ex·

1202 2124 1394 2166 amen
1427 2122 1667 2165 vocare
1692 2147 1708 2177 ‚
1758 2101 1931 2184 quod
1964 2102 2091 2185 jam
2137 2101 2527 2186 praestitere
2563 2102 2700 2163 Til-

1203 2204 1597 2279 lemontius‚
1645 2211 1711 2264 et
1743 2204 2196 2265 Mazzolenus.
2242 2203 2509 2287 Alioqui
2546 2223 2701 2266 con-

1200 2303 1375 2368 {iteri
1411 2326 1685 2366 necesse
1723 2318 1860 2381 est,
1909 2305 2202 2366 eruditos
2234 2304 2356 2365 hos
2397 2305 2569 2366 viros
2608 2305 2700 2365 in-

1206 2426 1394 2467 anem
1432 2405 1575 2465 sere
1627 2408 1691 2467 in
1727 2419 1858 2468 tota
1907 2406 2027 2467 hac
2065 2406 2502 2488 disputatione
2545 2426 2698 2488 ope·
2739 2446 2753 2457 -

1201 2527 1341 2568 ram
1388 2508 1719 2590 posuisse,
1783 2509 1933 2568 dum
1995 2505 2274 2589 primum
2325 2528 2403 2568 ex
2452 2507 2700 2569 discor-

1208 2607 1399 2669 dibus
1443 2623 1740 2670 veterum
1782 2608 2235 2692 opinion-ibus,
2282 2631 2558 2692 quornm
2608 2622 2699 2671 te·

1146 2781 1153 2789 .
1205 2709 1510 2770 alimonia
1573 2732 1761 2793 quam
1829 2711 2132 2794 exiguam
2195 2730 2572 2772 mercantur
2628 2713 2697 2772 {i-

1463 2813 1583 2893 ipsi
1643 2824 1996 2883 noverunt,
2078 2825 2397 2871 conantur
2449 2812 2696 2873 Trebo-

1204 2912 1374 2972 niani
1414 2925 1476 2971 et
1529 2910 1870 2971 Aemiliani
1904 2928 2105 2992 annos
2137 2931 2410 2994 eruere,
2458 2913 2718 2989 deinde*

1204 3034 1353 3072 cum
1407 3010 1641 3092 passim
1683 3010 1764 3070 ad
1811 3031 2042 3072 numos
2089 3027 2488 3097 provocant,
2533 3035 2697 3097 quos

1204 3127 1427 3173 nostra
1479 3124 1688 3171 aetate
1751 3109 2294 3188 condemnamus,
2372 3135 2486 3176 eos
2535 3135 2694 3178 vero

2807 600 2956 643 rum
3002 565 3303 662 exempla
3365 577 3449 652 ii,
3510 562 3651 664 qui
3743 575 4212 668 imperium
4247 576 4475 662 ‚adeptf

2811 699 2999 757 sunt,
3047 686 3239 745 etiam
3285 682 3349 742 in
3384 693 3856 765 sequentem
3908 700 4217 741 aunum
4254 700 4479 756 consu,-

2810 786 2911 846 les
2948 783 3270 868 designati
3298 783 3516 846 fuere.
3565 786 3827 869 Ergo
3884 782 4328 846 verisimile
4358 797 4467 857 est,

2814 885 3301 948 'l'rebonianum
3353 885 3479 965 jam
3531 908 3748 948 anno
3828 885 4048 947 1006
4103 896 4459 954 -mortuum

2811 987 3038 1053 fuisse.
3125 990 3356 1071 Neque
3413 986 3543 1049 dici
3582 1001 3928 1070 potest,
3990 973 4453 1052 Valerianum

2812 1111 2851 1151 a
2901 1087 3322 1152 Treboniano
3379 1088 3696 1172 potuisse
3808 1086 3923 1150 ad
4003 1085 4443 1162 consulatum

2801 1190 3045 1266 ⁴evehi3
3090 1212 3237 1251 nam
3273 1190 3397 1252 etsi
3431 1189 3604 1250 istud
3637 1190 3956 1259 demus
4000 1188 4106 1249 de
4146 1183 4443 1254 Valeria·

2812 1311 2935 1366 no,
2980 1295 3196 1352 tamen
3245 1310 3378 1352 non
3432 1288 3514 1351 de
3565 1288 3736 1353 filio
3796 1289 4233 1361 Gallieno,
4297 1300 4431 1347 eum

2813 1412 3143 1475 nunquam
3199 1404 3386 1475 pater
3427 1391 3749 1474 privatus
3823 1414 4023 1457 cum
4100 1387 4262 1450 filio
4314 1406 4428 1447 une

2815 1507 2990 1555 esset.
3021 1494 3283 1568 consul,
3330 1506 3397 1554 et
3425 1491 3807 1558 Gallienus
3846 1496 4032 1579 ipse
4046 1490 4303 1576 junior
4332 1506 4420 1549 es·

2815 1608 2953 1672 set,
2998 1616 3191 1679 quam
3228 1609 3296 1658 ut
3343 1608 3523 1657 tanto
3561 1596 3870 1659 honore
3922 1593 4304 1680 potuisset
4332 1587 4415 1650 di-

2810 1716 2982 1777 gnus
3020 1695 3271 1758 haberi.

2940 1798 3419 1879 Aigumentum
3464 1797 3765 1859 alterum
3796 1841 3820 1873 ‚
3878 1795 4237 1880 illudque
4281 1809 4405 1853 non

2814 1918 3042 1980 parum
3093 1898 3389 1983 validum,
3428 1897 3627 1960 offert
3671 1897 3996 1982 epocha
4050 1900 4394 1982 Aegeaeo-

2814 2019 2975 2059 rum*
3024 1999 3313 2062 Ciliciae.
3400 2001 3656 2065 Recitat
3688 1999 4174 2067 Vaillantius
4231 1998 4391 2059 duos

2813 2099 3163 2161 Aemiliani
3207 2121 3441 2179 numos
3502 2102 3571 2161 in
3615 2102 3750 2165 hae
3807 2103 4012 2165 urbe
4076 2101 4375 2185 signatos
4420 2160 4423 2163 ,

2813 2221 2965 2265 cum
3008 2221 3175 2263 anno
3214 2196 3426 2279 ΘἾΟ,
3474 2206 3655 2285 (sqq)
3707 2204 3995 2289 quibus
4052 2199 4222 2265 addi
4262 2217 4374 2283 po·

2814 2314 2944 2362 test
2979 2301 3142 2363 alius
3168 2304 3514 2366 Corneliae
3547 2307 3870 2389 Superae
3913 2327 4084 2370 cum
4130 2299 4362 2364 eodem

2814 2424 3003 2466 anno.
3093 2407 3271 2466 quta
3313 2406 3639 2469 calculum
3688 2427 3912 2470 aerae
3977 2407 4055 2467 in
4104 2404 4237 2467 hae
4267 2421 4366 2463 ur·

2777 2504 2897 2566 *be
2959 2521 3304 2588 receptae,
3363 2528 3559 2591 quem
3621 2508 3785 2570 alibi
3858 2499 4351 2576 demonstravi,

2813 2628 3047 2666 numus
3092 2606 3199 2669 hic
3245 2606 3534 2694 signatus
3580 2623 3679 2670 est
3723 2612 3813 2672 ab
3886 2622 4230 2673 autumno
4273 2603 4345 2665 V.

2816 2713 2887 2769 C.
2940 2711 3097 2794 1005
3134 2730 3334 2791 usque
3375 2711 3454 2771 ad
3502 2726 3901 2774 autumnum
3956 2712 4151 2771 2006.
4226 2706 4339 2784 Et·

2815 2830 2899 2891 go
2956 2810 3010 2869 si
3059 2812 3495 2887 Aemilianus,
3562 2814 3674 2895 qui
3718 2814 3936 2876 Gallo
3989 2805 4330 2875 successit,

2813 2910 3068 2992 agnitus
3119 2911 3245 2992 jam
3300 2910 3424 2974 suit
3478 2916 3850 2998 imperator
3914 2932 4097 2978 anno
4157 2904 4327 2979 ioob,

2811 3013 3038 3095 nequit
3098 3014 3273 3076 Galli
3331 3015 3680 3099 imperium
3744 3014 4042 3080 extendi
4101 3009 4170 3074 in
4226 3028 4327 3070 an-

2806 3134 2964 3202 num
3021 3134 3196 3192 ¹0⁰7·

1206 2812 1353 2871 «lem
1381 2857 1396 2883 ‚

1203 3232 1509 3296 tanquam
1546 3212 1802 3294 spurios
1836 3212 2179 3296 rejiciunt3
2224 3236 2388 3298 quos
2420 3237 2561 3292 esse
2603 3217 2696 3277 le-

1206 3314 1470 3397 gitimos
1510 3313 1706 3375 hodie
1746 3314 2160 3397 agnoscimus
2194 3337 2447 3378 omnes.
2526 3317 2699 3408 Qua-

1204 3438 1280 3476 re
1316 3434 1441 3499 ego
1479 3415 1543 3475 in
1580 3430 1966 3498 praesente,
2014 3433 2079 3478 et
2115 3432 2422 3501 quantum
2447 3415 2698 3491 licebit,

1206 3530 1545 3578 contracto
1597 3517 1895 3579 examine
1947 3519 2206 3580 nonnisi
2258 3519 2714 3581 monumentis

1168 3617 1487 3703 “publicis
1548 3619 1896 3703 pugnabo,
1974 3640 2341 3733 quanquam
2402 3635 2469 3682 et
2533 3620 2728 3681 haec-

1203 3721 1347 3803 ipsa
1401 3740 1529 3781 non
1581 3740 1732 3780 laro
1780 3740 1929 3780 eum
1979 3720 2048 3780 in
2099 3720 2364 3781 modum
2418 3719 2541 3781 sibi
2593 3720 2703 3781 ad-

1093 3811 1116 3831 ⁸
1211 3834 1594 3896 versentur,
1644 3832 1715 3880 ut
1748 3818 2160 3898 difficilesit,
2208 3820 2411 3882 exhis
2451 3822 2701 3947 laqueis

1210 3922 1514 3984 οιεᾶειε.

1340 4023 1427 4098 li,
1476 4022 1587 4106 qui
1619 4041 1849 4084 necem
1890 4022 2291 4085 Treboniani
2331 4024 2413 4085 ad
2459 4046 2697 4104 annum

1205 4123 1297 4189 V.
1329 4124 1399 4186 C.
1447 4121 1602 4187 1006
1651 4122 1983 4200 referunt,
2044 4139 2345 4209 tanquam
2385 4126 2698 4190 invictum

1213 4213 1667 4307 'argumentum
1735 4225 2048 4307 objiciunt
2107 4225 2341 4301 fastos,
2403 4249 2484 4289 ex
2544 4215 2702 4310 quo-

1209 4346 1353 4385 rum
1420 4326 1704 4386 unanimi
1746 4346 2081 4407 ‚consensu
2154 4330 2485 4412 sequentis
2547 4329 2698 4390 anni

1216 4443 1372 4505 ¹⁰⁰7
1415 4427 1742 4499 ,consules
1804 4443 2249 4491 memorantur
2310 4430 2697 4496 Valerianus

1207 4525 1478 4607 ejusque
1515 4525 1688 4587 filius
1727 4529 2085 4592 Gallienum
2174 4532 2305 4592 Pro
2351 4546 2569 4595 vetere
2601 4534 2699 4592 in·

1140 4680 1169 4702 X
1203 4640 1472 4699 sutum,
1521 4641 1585 4686 et
1624 4630 1961 4710 complura
1996 4630 2289 4712 priorum
2349 4632 2698 4716 imperato-

2941 3217 3418 3296 Argumentum
3458 3217 3721 3279 tertium
3761 3216 4117 3293 sufficiunt
4143 3206 4315 3273 numi

2812 3314 3181 3382 Viminaeii.
3227 3321 3480 3377 Heium
3522 3322 3654 3393 illi,
3701 3321 3813 3402 qui
3865 3338 4109 3380 annum
4146 3304 4307 3374 xlv·

2813 3415 3219 3497 inscriptum
3262 3419 3537 3493 habent,
3615 3421 3852 3483 sistunt
3927 3407 4125 3501 caput
4177 3433 4298 3474 non

2816 3517 3215 3582 'I'reboniani
3254 3521 3486 3594 modo,
3534 3522 3647 3581 sed
3694 3535 3759 3581 et
3801 3516 4192 3585 Aemiliani,
4235 3523 4300 3572 0⁸

2812 3616 3169 3684 Valeriani.
3257 3624 3479 3682 Annus
3522 3615 4287 3693 XIV-*Viminaciensiutu

2817 3720 3025 3784 currit
3082 3744 3228 3785 cum
3294 3744 3460 3784 anno
3504 3724 3583 3790 V.
3633 3724 3704 3788 C‘.
3760 3722 3957 3797 1006,
4022 3733 4091 3782 ut
4149 3718 4287 3778 loco

2818 3844 2934 3882 suo
2967 3822 3181 3884 docui.
3224 3827 3327 3884 Ex
3368 3845 3495 3906 quo
3537 3839 3754 3907 patet,
3802 3827 4031 3887 saltem
4064 3835 4282 3883 exeun-

2813 3937 2879 3984 te
2912 3923 3039 3986 hoc
3063 3945 3230 3988 auno
3262 3925 3608 4008 imperium
3638 3925 3765 4006 jam
3796 3925 4148 3988 obtinuisse
4165 3919 4276 3985 Va·

2812 4024 3154 4086 lerianum.
3429 4100 3432 4101 7

2943 4127 3139 4188 Aliud
3174 4127 3365 4189 etiarn
3403 4129 3776 4192 subsitlium'
3801 4129 3993 4214 hujus
4039 4135 4273 4188 senten·

2817 4228 2944 4290 tiae
3004 4230 3260 4312 patroni
3323 4230 3445 4292 sibi
3502 4233 3885 4316 quaesivere
3947 4251 4023 4293 ex
4075 4220 4261 4286 numis

2815 4330 3132 4406 Gallieni,
3155 4317 3520 4395 ‘secundum
3549 4354 3712 4418 quos
3749 4334 4095 4396 tribunatus
4122 4341 4263 4384 nun·

2812 4453 3006 4517 quam
3070 4433 3202 4494 suis
3265 4435 3708 4504 consulatibus
3786 4427 4280 4519 respondebunts

2810 4535 2940 4596 nisi
2991 4533 3072 4596 ab
3138 4535 3266 4599 hoe
3329 4559 3497 4598 anno
3543 4537 3685 4620 ejus
3745 4536 3895 4599 trib.
3942 4539 4252 4619 potestates

2814 4637 3199 4699 numerandi
3252 4634 3505 4701 initium
3550 4635 3680 4700 fiat.
3769 4641 3852 4700 At
3886 4636 4089 4718 fallax
4100 4619 4245 4691 istud

3105 4829 3117 4861 l
