4652 5937
1184 433 1325 500 222

1184 598 1409 673 modo,
1453 613 1721 677 suaper
1737 591 1951 657 fictam
1985 589 2398 675 adoptionem
2421 603 2677 675 patruo,

1189 706 1316 770 etsi
1373 723 1454 766 eo
1501 713 1686 786 pater
1730 714 2058 777 nunquam
2111 705 2265 753 usus
2302 706 2421 754 est.
2483 694 2676 755 lllum

1188 807 1368 869 num-i
1414 805 1482 864 in
1532 820 1763 863 annum
1792 799 1871 864 V.
1908 797 1982 857 C.
2029 792 2153 876 966
2200 791 2531 856 differunt.
2593 792 2681 855 At

1191 918 1517 971 maturant
1551 920 1873 964 marmora
1897 943 1912 973 ,
1958 911 2024 958 et
2062 895 2324 980 quidem
2362 897 2491 978 jam
2529 914 2678 965 cum

1204 1009 1358 1072 trib.
1393 1017 1715 1091 potestate
1745 1002 1857 1064 111.
1891 1001 1955 1060 in
1994 998 2440 1061 Muratoriano
2472 998 2552 1077 ⁸).

1312 1113 1601 1172 Somnos.
1689 1106 1761 1164 In
1812 1120 2011 1163 numo
2066 1099 2365 1163 coloniae
2420 1102 2686 1163 Cassan-

1189 1211 1268 1272 ῆι·
1272 1230 1387 1275 eae
1409 1201 1831 1271 Macedoniae
1854 1201 2023 1285 apud
2051 1201 2280 1265 Wilde
2311 1198 2412 1281 ¹²):
2460 1197 2677 1262 ATT.

1110 1394 1113 1397 Δ
1190 1315 1259 1375 C.
1280 1308 1387 1371 Μ.
1412 1304 2006 1370 ΑΝΤΩΝΙΝΟὸ.
2033 1299 2431 1364 SEMNOS.
2460 1303 2696 1363 mixtis*

1181 1413 1461 1474 barbare
1505 1411 1780 1473 vocibus
1824 1407 2164 1487 literisque
2198 1422 2343 1464 cum
2383 1404 2676 1478 Graecis,

1185 1532 1319 1576 tum
1353 1512 1625 1576 Latinis.
1667 1513 1789 1571 Est
1819 1521 2032 1570 autem
2073 1526 2106 1565 a
2142 1504 2401 1567 Graeco
2419 1500 2678 1586 Σεμυος,

1186 1618 1607 1688 venerabilis,
1653 1608 1830 1695 quod
1859 1625 2099 1668 nomen
2138 1604 2472 1668 Gordiano
2508 1606 2694 1667 Afri--

1183 1733 1351 1778 ⁴«teano
1372 1713 1616 1776 seniori
1644 1714 1711 1773 in
1746 1709 1959 1772 numis
1979 1705 2438 1768 Alexandrinis
2466 1705 2675 1768 datur.

1314 1818 1670 1888 Arabicus,
1714 1812 2169 1890 Adjabem'cns.
2254 1808 2677 1870 Praedicasse

1188 1916 1586 1979 caracallam
1618 1916 1739 1977 hos
1758 1912 2006 1986 titulos,
2049 1928 2287 1991 nempe
2317 1929 2441 1991 per
2476 1910 2679 1972 victo-

1088 2002 1101 2023 *
1184 2018 1315 2079 rias
1383 2016 1627 2101 patris,
1700 2014 1941 2077 docent
2010 2011 2387 2093 Spartianus
2421 2011 2516 2091 ὓ),
2609 2024 2677 2073 et

1182 2140 1551 2211 marmora,
1621 2118 1795 2178 inter
1861 2133 2027 2198 quae
2087 2110 2674 2191 Gruterianumd).

1108 2280 1111 2283 ,
1186 2208 1374 2282 Sed
1355 2242 1423 2280 m
1456 2219 1669 2280 numis
1705 2231 2026 2302 perpetuo
2052 2214 2499 2297 negliguntur.

1311 2321 1644 2383 Parthicus
1676 2324 2003 2382 Maximus
2039 2317 2249 2378 dictus
2291 2334 2440 2376 cum
2484 2326 2672 2397 patre

1075 2477 1080 2484 .
1185 2442 1268 2487 ex
1311 2424 1520 2485 altero
1569 2421 1637 2483 in
1694 2423 1976 2483 Parthos
2019 2416 2238 2493 bello,
2307 2435 2520 2499 eoque
2577 2416 2674 2475 uti

1183 2524 1402 2608 coepit
1453 2525 1533 2592 V.
1575 2526 1648 2589 C.
1688 2522 1847 2608 953,
1914 2520 2032 2582 sed
2079 2522 2144 2581 in
2197 2532 2382 2602 parte
2423 2530 2670 2578 tantum

1070 2700 1079 2705 x
1179 2646 1526 2689 numerum
1571 2646 1831 2701 aversa,
1892 2637 1959 2685 et
2002 2634 2150 2705 post
2197 2619 2550 2681 triennium
2601 2617 2670 2677 in

1177 2728 1392 2789 numis
1434 2728 1819 2810 neglectus,
1882 2735 1955 2785 ut
1993 2721 2266 2784 dictum.·
2340 2722 2441 2781 Ex
2486 2718 2669 2780 hello

1178 2828 1525 2904 Parthico,
1613 2826 1790 2912 quod
1831 2825 1973 2906 ipse
2032 2822 2151 2883 sub
2210 2819 2379 2882 vitae
2424 2819 2670 2881 exitum

1176 2948 1299 3010 per
1331 2948 1402 2992 se
1438 2927 1660 3011 gessit,
1706 2929 2073 2988 Parthicum
2100 2923 2520 3006 appellatum,
2565 2919 2676 2981 ad·

1178 3024 1395 3089 firmat
1464 3027 1842 3110 Spartianus
1888 3026 1967 3106 ⁰).
2055 3023 2217 3104 Ejus
2280 3023 2423 3087 aevi
2488 3022 2670 3082 numi

1181 3126 1522 3189 victoriam
1596 3126 1861 3210 quidem
1918 3125 2290 3186 Parthicam
2377 3136 2669 3208 crepant,

1086 3239 1092 3245 ·
1178 3229 1298 3290 sed
1332 3227 1594 3290 titulum
1628 3231 1916 3290 Parthici
1949 3226 2253 3288 reticent.

1305 3334 1745 3400 Britannicus.
1782 3327 1976 3392 Hunc
2009 3326 2269 3390 titulum
2302 3346 2451 3391 cum
2482 3338 2669 3410 patre

1178 3431 1524 3515 capessivit
1556 3433 1638 3500 V.
1672 3430 1745 3495 C.
1783 3429 1927 3511 963,
1957 3449 2187 3493 verum
2219 3427 2503 3491 triennio
2521 3440 2684 3510 post.

1079 3519 1089 3534 ’
1179 3533 1403 3617 coepit
1432 3534 1816 3616 praevalere
1858 3549 2101 3593 nomen
2134 3528 2550 3606 Germanici,
2594 3549 2670 3592 ac

1178 3652 1334 3702 mox
1368 3633 1566 3714 plene
1594 3632 1969 3717 exspiravit.

1310 3739 1751 3799 Germanicus.
1789 3735 2141 3817 Comparet
2153 3732 2437 3817 primum
2469 3730 2534 3793 in
2555 3753 2674 3793 nu·

1183 3835 1307 3896 mis
1354 3834 1686 3898 tribunatu
1734 3837 1909 3904 xvi.
1955 3836 2228 3909 notatis,
2303 3821 2416 3917 qui
2480 3831 2673 3895 fluxit

1181 3956 1334 3999 cum
1365 3958 1534 3999 anno
1563 3939 1646 4005 V.
1683 3939 1755 4001 C.
1788 3935 1933 4017 966.
1991 3934 2152 4017 Ejus
2190 3934 2364 4016 capti
2411 3953 2669 4000 causam

1122 4065 1129 4074 ·
1180 4037 1513 4100 reticuere
1535 4039 1914 4123 scriptores.
1961 4035 2337 4104 Verisimile
2356 4050 2478 4108 est,
2515 4041 2675 4120 quo·

1183 4137 1359 4201 niam
1389 4136 1516 4201 hoc
1543 4161 1711 4203 anno
1743 4152 2212 4221 commoratum
2244 4158 2393 4200 eum
2427 4136 2493 4197 in
2521 4133 2674 4200 Gal-

1181 4238 1272 4301 lia
1305 4253 1593 4316 constat,
1652 4241 1900 4326 aliquid
1940 4240 2066 4325 ipsi
2106 4241 2207 4303 rei
2242 4260 2391 4302 cum
2438 4237 2670 4302 vicinis

1186 4329 1530 4408 Germanis
1562 4340 1803 4420 fuisse,
1858 4356 2052 4427 atque
2087 4361 2169 4403 ex
2204 4342 2344 4403 levi
2393 4339 2669 4405 victoria

2351 402 2896 483 CARACAL
2921 409 3096 484 LA.

2795 591 2968 655 hunc
3028 592 3290 654 titulum
3365 613 3484 679 per
3568 593 3913 655 vanitatem
4017 602 4309 676 captum.

2798 699 2997 756 Teste
3035 696 3378 777 Spar-tiano
3411 695 3786 758 Germanici
3820 712 4083 759 nomen
4125 708 4318 783 ,patre

2797 796 3008 858 adhuc
3040 796 3191 860 vivo
3228 797 3446 859 fuerat
3487 811 3882 860 consecutus
3917 794 4000 877 ¹').
4049 798 4320 862 'Verum

2793 897 2970 960 istud
3005 898 3309 983 ignorant
3339 900 3520 961 numi
3555 912 3621 960 et
3655 919 4020 974 marmora,
4073 909 4318 958 etcum

2796 1020 2929 1060 non
2959 1015 3246 1075 constet,
3299 1000 3696 1063 caracallam
3729 1002 4017 1063 seorsim
4059 1021 4100 1060 a
4127 1010 4323 1081 patre

2797 1100 3045 1163 bellum
3105 1103 3428 1186 gessisse,
3491 1116 3601 1165 aut
3649 1103 3855 1164 ullum
3904 1102 4195 1184 cepisse
4238 1114 4322 1158 ex

2792 1203 3088 1266 victoriis
3132 1204 3426 1280 titulum,
3488 1204 3613 1266 nisi
3659 1225 3855 1289 quem
3907 1215 4120 1286 pater
4173 1199 4319 1282 ipse

2795 1304 3009 1385 cepit,
3056 1319 3122 1366 et
3156 1325 3304 1367 cuni
3334 1325 3414 1367 eo
3451 1306 3980 1380 communicavit,
4032 1301 4322 1362 videtur

2795 1424 3050 1467 errasse
3096 1406 3238 1490 ipse
3289 1408 3702 1490 SpartianuS,
3760 1427 3911 1470 cum
3963 1424 4112 1490 pro
4163 1406 4322 1464 Ger-

2792 1510 3083 1568 mane‘cns
3129 1508 3544 1570 scribendum
3616 1522 3789 1571 esset
3847 1507 4317 1570 Britanniae.

2795 1608 3104 1669 Ceterum
3163 1629 3403 1692 operae
3460 1610 3746 1693 pretium
3800 1632 3936 1672 non
3997 1608 4314 1680 videtur,

2793 1707 3021 1775 adsciti
3074 1709 3268 1792 hujus
3317 1711 3596 1773 nominis
3652 1733 3907 1774 causam
3958 1711 4175 1773 anxie
4226 1707 4319 1771 ri·

2791 1809 2987 1883 mari,
3049 1810 3105 1871 si
3159 1812 3492 1874 audiamus
3541 1814 3956 1896 spartianum
3998 1812 4186 1876 haec
4230 1813 4318 1873 de

2791 1930 2873 1972 eo
2934 1927 3440 1987 memorantem,
3503 1936 3645 1976 cum
3699 1920 4060 1979 Germanos
4121 1915 4314 1974 sube-

2785 2016 3025 2092 ffl'sset,
3079 2017 3134 2075 6
3142 2018 3603 2078 ERMANICV
3601 2019 3673 2078 M
3706 2038 3776 2080 se
3807 2019 4187 2096 appellavit
4202 2018 4314 2076 vel

2772 2119 2967 2193 joco,
3046 2118 3154 2176 vel
3214 2119 3418 2194 serio,
3483 2127 3559 2180 ut
3601 2128 3746 2180 erat
3794 2121 4026 2180 stultus
4070 2129 4148 2181 et
4198 2120 4307 2179 de-

2788 2235 2964 2276 mens
2988 2259 3004 2290 ,
3049 2238 3338 2280 asserens
3355 2264 3371 2294 ,
3418 2222 3479 2279 εἰ
3509 2223 3806 2283 Lucanos
3838 2222 4128 2297 vicisset,
4173 2204 4306 2282 lu*

2786 2320 3078 2379 conicum
3111 2339 3182 2379 se
3217 2323 3683 2398 appellandum.

2913 2423 3390 2484 Alamannicus.
3526 2424 3582 2485 A
3640 2421 3832 2485 victis
3901 2424 4295 2489 Alemannis

2788 2516 2991 2582 fuisse
3042 2541 3191 2583 eum
3235 2526 3759 2599 Alemannis-um,
3822 2525 4036 2589 refert
4087 2527 4294 2610 Spar-

2788 2620 2998 2683 tianus
3031 2623 3131 2702 8),
3194 2621 3313 2683 sed
3366 2641 3782 2688 monumenta
3813 2628 4077 2711 publica
4131 2628 4289 2691 hac-

2787 2731 2976 2784 tenus
3014 2724 3489 2806 cognita‘hunc
3534 2727 3794 2791 titulum
3829 2751 3963 2791 non
4012 2730 4285 2813 jactant.

2916 2826 3320 2888 Sarmaticus
3357 2832 3704 2892 Maximus.
3771 2835 4029 2894 Nomen
4061 2832 4288 2894 obiter

2787 2936 3035 2988 tantum
3091 2944 3519 3012 memoratum
3587 2952 3623 2993 a
3674 2933 4020 3016 Spar-tiano
4065 2931 4169 3013 h),
4235 2955 4283 2997 a

2785 3028 3223 3089 monumentis
3242 3030 3398 3092 item
3416 3048 3701 3097 extorre.
3750 3035 3917 3096 Illud
3949 3035 4004 3097 si
4025 3056 4279 3109 verum,

2784 3126 3046 3188 videtur
3082 3129 3406 3194 Sarmatas
3440 3154 3563 3217 per
3599 3134 3850 3218 legatos
3889 3119 4152 3200 vicisse.

2913 3233 3208 3309 MaqnuS.
3309 3233 3478 3296 Vide
3528 3234 3718 3317 hujus
3775 3236 3961 3302 'tituli
4016 3243 4274 3304 causam

2784 3348 2978 3412 supra
3007 3330 3072 3391 in
3106 3334 3318 3395 numis
3352 3338 3884 3404 consecrationis.

2910 3432 3093 3495 Haec
3164 3436 3424 3498 nomina
3481 3440 3852 3504 caracallae
3913 3457 4027 3507 aut
4079 3447 4276 3522 serio,

2786 3546 2896 3595 aut
2929 3533 3200 3600 honoris
3246 3556 3436 3599 causa
3470 3538 3773 3623 imposita
3803 3553 4276 3612 ¹memorantur.

2784 3632 3004 3698 Fuere
3053 3650 3271 3699 autem
3334 3652 3400 3700 et
3473 3642 3597 3704 alia
3659 3643 4036 3728 diasyrtica,
4110 3647 4274 3735 quae
4545 3661 4582 3754 J

2784 3738 3009 3820 paucis
3046 3758 3563 3805 commemorare
3596 3744 3796 3827 juvat.

2916 3843 3273 3916 Caracalla,
3321 3843 3677 3907 secundum
3701 3848 3864 3913 alios
3886 3856 4272 3918 Caracallus.

2781 3939 2891 4001 De
2939 3940 3067 4003 hoo
3116 3944 3380 4006 nomine
3422 3945 3552 4008 Dio
3598 3963 3829 4012 auctor
3870 3952 4149 4018 idoneus
4187 3955 4272 4038 ij:

2791 4045 3125 4118 Quoddam
3154 4048 3482 4125 sinynlare
3506 4071 3712 4129 genus
3747 4055 4109 4119 vestimentu·
4137 4060 4275 4121 bar-

2789 4146 3005 4205 barico
3023 4165 3194 4207 more
3226 4151 3514 4227 incisum,
3560 4164 3626 4215 et
3638 4167 3967 4220 consutum
3996 4162 4070 4221 ἐκ
4084 4163 4277 4223 lm

2784 4264 2908 4304 rme
2934 4250 3186 4307 modum
3208 4250 3472 4328 invenit,
3508 4276 3631 4335 quo
3665 4238 3732 4316 e't
3751 4261 4277 4342 lpsefrequentt'ae·

2784 4351 2943 4410 sime
2977 4349 3298 4427 utebatur,
3352 4355 3450 4416 ita
3484 4364 3558 4416 ut
3588 4359 3825 4421 idcirco
3859 4363 4271 4427 CARACAL-

1250 4483 1262 4490 ρ
1414 4483 1427 4488 n
1632 4481 1639 4490 0
1716 4481 1727 4486 μ
1748 4481 1757 4486 -
2419 4481 2428 4484 -
3169 4481 3178 4484 “

1604 4565 1613 4572 0-
1684 4559 1697 4570 ο
3147 4563 3152 4566 ,

1690 4597 1747 4647 2.
1790 4601 1795 4610 ’
1889 4585 1958 4661 b)
1998 4585 2113 4644 Sel.
2138 4603 2298 4643 num.
2330 4584 2448 4643 tab.
2484 4587 2619 4645 XX'.

1200 4589 1205 4598 ’
1265 4586 1507 4663 aJ'Pag‘.
1535 4593 1666 4651 347.
1762 4651 1767 4656 ‚

1701 4673 1765 4754 f)
1797 4676 2100 4738 incarne.
2136 4700 2184 4741 c.
2219 4684 2278 4747 6.

1193 4673 1399 4736 Carae.
1428 4694 1478 4735 c.
1504 4676 1556 4739 6.

2425 4680 2492 4754 g)
2534 4678 2680 4757 Cap.
2712 4692 2800 4742 10.

2758 4593 2818 4665 c)
2856 4592 2922 4651 in'
2948 4595 3156 4670 Carae.
3181 4617 3229 4656 c.
3264 4610 3357 4660 10.

2936 4684 3007 4762 h)
3045 4688 3108 4750 in
3140 4688 3288 4748 Geta
3319 4709 3368 4749 c.
3406 4690 3461 4757 6.

3494 4598 3564 4676 (Ῑ)
3606 4599 3740 4680 Ρᾷε·
3773 4608 3893 4672 267-
3935 4619 3994 4682 7.ν
4114 4610 4175 4683 e)
4211 4613 4272 4670 iu

3585 4692 3636 4767 i)
3675 4694 3738 4753 L.
3771 4696 4093 4760 LXXVIII.
4132 4703 4184 4769 §.
4215 4707 4268 4764 3.
