4652 5937
1387 373 1534 445 Ιιὶιδ
1608 416 1611 421 2

1305 600 1316 609 .
1391 526 2420 615 Postumi-moneta·'obvit,·'bt
2469 527 2707 618 quibus
2748 555 2883 597 non

1390 640 1583 722 pauci
1616 649 1965 720 utrumque
2001 637 2387 700 Postumum
2433 633 2708 701 indicari
2747 636 2884 719 opi.-

1388 735 1528 805 mi
1568 753 1757 815 sunt,
1819 738 1985 801 adeo
2026 750 2180 802 sunt
2231 751 2300 804 et
2354 736 2768 802 lineamentis
2814 750 2882 800 et

1391 841 1620 906 aetatis
1664 837 1910 903 indicio
1954 837 2228 915 similia,
2284 850 2359 902 ut
2396 857 2601 905 unum
2663 837 2747 901 ab
2790 839 2881 900 al·

1314 980 1324 988 ·
1387 956 1538 1005 tero
1560 942 1747 1010 nulla
1775 938 2115 1025 diligentia
2148 940 2591 1023 discreveris..
2638 944 2736 1000 An
2772 959 2903 1019 ver

1303 1079 1308 1084 ·
1386 1043 1672 1109 risimile
1701 1043 1877 1106 istud
1930 1054 2141 1105 aet'ate
2198 1040 2624 1124 usqueadeo
2669 1040 2878 1122 dispa-

1387 1145 1485 1222 r‘i,
1532 1159 1601 1208 et
1643 1145 1712 1206 in
1759 1143 2010 1219 numis,
2056 1141 2282 1227 quales
2324 1156 2473 1203 sunt
2522 1141 2876 1225 praecipue

1376 1248 1575 1312 'aurei
1615 1247 1946 1320 Postumi,
1993 1244 2240 1307 affabre
2287 1243 2514 1318 factis,
2558 1263 2708 1306 cum
2750 1246 2877 1304 Te·

1385 1348 1707 1412 tricorum
1738 1347 1957 1430 ,patris
1990 1343 2240 1428 filiique
2282 1343 2463 1403 numi
2511 1357 2639 1406 tam
2693 1344 2873 1406 facili

1381 1450 1654 1534 negotio
1691 1445 2189 1511 discernantur?
2237 1445 2367 1538 Qui
2398 1442 2564 1505 duos
2598 1446 2876 1507 credunt

1314 1564 1319 1568 “
1382 1554 1453 1614 in
1496 1550 1710 1613 numis
1752 1552 2104 1611 Postumos
2165 1543 2614 1627 deprehendi,
2670 1545 2872 1608 verba

1385 1666 1534 1715 sunt
1577 1649 1897 1711 Ilarduini
1931 1652 2019 1726 ⁸),
2084 1665 2164 1705 eo
2209 1645 2382 1726 quod
2442 1665 2614 1706 nunc
2670 1646 2871 1730 barba

1382 1752 1675 1836 prolixa,
1720 1771 1891 1813 nunc
1941 1747 2155 1829 crispa
2190 1745 2518 1821 cernitur,
2564 1748 2632 1808 hi
2670 1748 2873 1831 gemi-

1379 1875 1536 1918 num
1599 1870 1859 1936 quoque
1901 1848 2210 1911 Albinum
2271 1845 2615 1922 inducunt,
2676 1848 2873 1931 siqui-

1381 1956 1534 2020 dem
1574 1954 1696 2017 hac
1747 1974 1875 2014 una
1916 1951 2174 2013 ratione
2214 1949 2535 2028 nitantur3
2594 1970 2742 2010 num
2803 1963 2870 2012 et

1375 2057 1496 2120 ille
1529 2070 1712 2125 certe
1745 2075 1919 2117 nunc
1948 2053 2196 2135 crispa,
2241 2071 2414 2113 nunc
2447 2049 2702 2132 prolixa
2728 2049 2870 2110 bar-

1368 2134 1501 2235 ba,
1546 2178 1622 2220 ac
1667 2170 2020 2241 propterea
2070 2174 2342 2237 prorsus
2383 2151 2484 2212 sui
2532 2151 2867 2212 dissimilis

1374 2259 1704 2343 pingitur,
1761 2256 1880 2317 sed
1937 2256 2063 2316 hoc
2108 2253 2460 2316 discrimen
2506 2251 2728 2314 effecit
2772 2252 2867 2312 di-

1373 2360 1650 2422 versitas
1687 2355 2116 2420 officinarum.
2182 2355 2375 2449 Quod
2410 2354 2498 2428 si,
2544 2375 2690 2416 cum
2733 2354 2862 2414 duo

1378 2473 1731 2525 occurrunt
1778 2459 2022 2541 capita,
2067 2456 2342 2518 totidem
2397 2453 2641 2517 diversi
2682 2469 2866 2517 nota-

1374 2574 1607 2624 rentur
1665 2559 1983 2642 Augusti,
2054 2558 2271 2621 addita
2332 2555 2727 2641 epigraphe,
2790 2567 2859 2617 ut

1373 2663 1446 2724 in
1477 2661 1757 2723 aliorum
1806 2662 2273 2744 imperatorum
2333 2658 2547 2721 numis
2591 2656 2857 2731 sactum,

1375 2763 1539 2826 duos
1557 2763 1749 2824 etiam
1765 2763 2093 2845 Augustos
2118 2761 2520 2823 enunciaret.
2556 2755 2688 2817 Sed
2707 2776 2861 2818 con-

1375 2876 1480 2926 tra
1515 2862 1777 2927 accidit.
1859 2860 1965 2923 Ad
2009 2880 2243 2923 numos
2290 2859 2454 2922 alios
2496 2857 2674 2944 quod
2718 2855 2861 2919 atti·

2259 3174 2469 3239 VLP.
2559 3173 2847 3240 coRN.

1498 3383 1699 3444 Teste
1743 3376 2084 3442 Trebellio
2112 3373 2172 3457 ¹³)
2213 3380 2552 3440 Lollianus
2594 3375 2854 3458 quidam

1369 3481 1767 3565 interempto
1827 3483 2141 3543 Postumo
2201 3478 2549 3562 imperium
2590 3477 2657 3538 in
2705 3477 2856 3539 Gal-

1367 3584 1459 3649 lia
1498 3583 1771 3657 invasit,
1816 3581 1919 3643 vir
1959 3596 2300 3654 strenuus,
2365 3592 2430 3641 et
2474 3578 2852 3658 provinciae

1366 3683 1717 3752 adversum
1767 3680 2080 3745 barbaros
2114 3693 2585 3765 propugnator.
2658 3676 2854 3742 Occi-

1366 3802 1478 3853 sus
1540 3783 1779 3852 deinde
1843 3805 1882 3846 a
1923 3782 2266 3850 Victorino
2328 3778 2852 3863 conspirantibus

1360 3884 1725 3964 militibus,
1785 3883 1966 3971 quod
2010 3884 2078 3959 in
2125 3882 2467 3965 exigendis
2517 3880 2852 3945 laboribus

1357 3988 1604 4058 nimius
1636 4000 1830 4052 esset.
1866 3984 2161 4049 ‘Lolliani
2191 4002 2453 4067 quoque
2486 3992 2728 4046 no'men
2764 3984 2851 4046 ei·

1360 4090 1518 4156 dem
1552 4089 1812 4155 *homini
1871 4086 2099 4151 tribuit
2140 4084 2372 4152 Victor
2435 4086 2502 4147 in
2566 4085 2857 4148 Caesari·

1363 4193 1486 4257 bus
1517 4200 1572 4274 c)
1599 4238 1617 4266 ,
1665 4206 1733 4258 et
1778 4188 2161 4273 Eutropius.
2226 4189 2308 4249 At
2339 4186 2696 4262 Paeanius,
2738 4186 2850 4270 qui

1365 4296 1757 4379 Eutropium
1816 4294 2073 4356 Graece
2138 4287 2465 4362 reddidit,
2544 4287 2849 4363 eundem,

2346 304 2989 439 Pos‘rvuv‘s
3066 332 3490 440 Fimvs.

2994 546 3145 611 net,
3187 530 3561 615 Bandurius
3598 533 3667 604 iu
3713 539 3893 609 tauta
3921 535 4293 602 Postumi
4324 559 4529 617 nuno-

2994 656 3141 702 rum
3175 636 3483 713 eluvione
3517 635 3709 700 binos
3752 649 4028 702 tautum
4065 635 4396 724 reperit,
4420 642 4531 727 qui

2991 738 3323 820 Augustos
3349 738 3576 822 plures
3608 737 3932 823 produnt,
3981 740 4280 807 ambos
4311 761 4535 814 amen·
4610 760 4612 814 A

2992 840 3041 901 1.
3092 827 3384 913 formae,
3461 840 3770 914 nimirum
3828 848 4224 907 Adventu
4285 842 4534 910 AVGG.

2992 954 3061 1011 et
3105 945 3365 1014 Moneta
3408 941 3705 1017 AVGG.‚
3769 944 3884 1026 qui
3935 944 4106 1027 ipsi
4163 957 4300 1007 aut
4351 947 4539 1015 socia-

2990 1056 3128 1104 tum
3167 1042 3616 1123 Victorinum,
3663 1057 3772 1106 aut
3806 1065 4117 1107 uxorem
4162 1048 4535 1129 Augustam

2990 1143 3283 1204 indicare
3342 1160 3651 1234 possunt,
3711 1159 3778 1206 et
3815 1145 3903 1211 ,in
3964 1166 4228 1207 numo
4281 1148 4537 1230 quiden

2990 1249 3299 1306 adventus
3329 1246 3521 1327 plane
3565 1261 3814 1307 certum
3845 1262 3946 1308 est
3977 1247 4533 1331 intelligendam

2989 1365 3303 1417 uxorem3
3349 1367 3495 1407 nam
3530 1347 3584 1408 si
3615 1346 3818 1410 filium
3856 1349 4535 1432 comprehenderet,

2988 1446 3153 1508 duos
3210 1467 3444 1508 numus
3490 1452 3816 1532 Augustos
3874 1450 4174 1532 equites
4250 1445 4535 1525 sisteret,

2986 1567 3117 1608 non
3153 1569 3378 1612 unum.
3468 1549 3658 1641 Quod
3694 1551 3748 1610 si
3780 1571 4006 1610 verum
4064 1566 4200 1613 est
4241 1553 4532 1613 testimo-

2985 1647 3165 1708 nium
3230 1647 3588 1724 'l‘rebellii,
3647 1641 3853 1712 filium
3914 1652 4292 1715 continuo
4322 1666 4324 1673 ’
4359 1676 4397 1712 a
4439 1674 4530 1735 pa·

2984 1760 3087 1808 tre
3121 1747 3200 1807 ad
3240 1749 3587 1834 imperium
3633 1765 3929 1814 vocatum
3955 1797 3973 1827 ,
4049 1734 4348 1815 niirum
4393 1774 4524 1835 pro-

2964 1836 3161 1909 ‘fecto
3200 1850 3527 1939 videatur,
3590 1852 3840 1938 nullum
3887 1867 4182 1916 exstare
4248 1875 4516 1915 numum

2984 1964 3235 2011 certum
3272 1935 3423 2027 filii,
3468 1952 3580 2035 qui
3610 1954 3676 2013 in
3712 1952 4041 2017 decimum
4081 1980 4371 2020 annum
4403 1980 4512 2018 una

2982 2070 3128 2112 cum
3168 2066 3353 2134 patre
3394 2053 3771 2136 imperavit,
3818 2044 4159 2120 et'nescio
4185 2104 4210 2133 ‚
4267 2081 4361 2120 an
4395 2079 4510 2118 non

2980 2150 3088 2212 hic
3131 2153 3270 2235 ipse
3316 2154 3457 2237 ejus
3499 2176 3841 2217 numerum
3892 2156 4222 2222 desectus
4260 2160 4506 2223 certius

2976 2253 3215 2345 probet
3253 2252 3576 2315 adversus·
3617 2254 4029 2318 Trebellium
4074 2260 4500 2322 contrarium

2976 2353 3423 2416 adfirmantem
3447 2400 3464 2429 ,
3510 2356 3765 2417 nullum
3812 2356 4018 2420 fuisse
4048 2362 4402 2423 Postumo
4433 2358 4495 2419 fi-

2975 2454 3175 2528 lium,
3223 2470 3330 2516 aut
3386 2458 3616 2518 saltem
3662 2477 3876 2540 neque
3927 2461 4346 2537 Caesarem,
4391 2480 4492 2521 ne·

2975 2576 3103 2640 que
3137 2559 3523 2640 Augustum.
3578 2561 3938 2621 Auctorem
3972 2563 4185 2624 toties
4219 2561 4490 2624 menda-

2974 2677 3117 2721 cem
3156 2658 3347 2718 etiam
3381 2659 3506 2720 hoc
3538 2656 3688 2719 loco
3719 2658 3910 2722 nobis
3940 2662 4361 2747 imposuisse
4380 2681 4484 2725 ne-

2974 2757 3134 2820 mini
3168 2758 3407 2822 mirum
3445 2757 3795 2824 videbitur.

2930 3176 3581 3241 LAELJANVS.

2968 3376 3095 3440 nisi
3140 3398 3333 3450 error
3375 3377 3681 3461 irrepsit,
3740 3367 3927 3444 ‘vocat
3969 3384 4048 3463 L.
4087 3386 4457 3457 Aeliam,

2968 3478 3200 3546 Victor
3245 3481 3311 3540 in
3361 3481 3667 3563 Epitome
3699 3475 3758 3559 d)
3803 3481 4197 3565 simpliciter
4239 3492 4460 3550 Aelio·

2965 3601 3136 3642 num.
3190 3583 3278 3643 Et
3324 3595 3579 3656 tamen,
3624 3595 3697 3644 ut
3732 3602 3815 3644 ex
3848 3582 4081 3648 iisdem
4121 3587 4461 3676 scriptori·

2966 3680 3090 3744 bus
3143 3680 3390 3744 diserte
3436 3683 3814 3767 colligitur,
3872 3686 4300 3769 omnia-haec
4349 3708 4459 3751 no·

2966 3783 3140 3846 mina
3200 3803 3397 3845 unum
3465 3773 3919 3868 eundemque,
3981 3786 4093 3870 qui
4154 3788 4457 3852 Postumi

2966 3883 3141 3946 caesi
3171 3886 3650 3961 causaexstitit,
3682 3884 3994 3952 indicant.
4038 3887 4209 3957 Vide
4225 3890 4308 3954 dc
4325 3891 4457 3955 hoe

2966 3984 3236 4048 dissidio
3273 3988 3461 4069 plura
3495 3987 3668 4071 apud
3701 3986 4199 4051 Tillemontium
4232 3994 4311 4071 ἒ).

3063 4086 3401 4164 'Exstant,
3457 4103 3569 4151 aut
3611 4090 3844 4165 saltem
3903 4089 4231 4173 jactantur
4271 4090 4489 4160 numi.

2963 4204 3096 4255 non
3142 4190 3355 4251 solum
3398 4194 3687 4265 Lolliam·
3742 4205 3811 4253 et
3847 4196 4117 4255 Aeliani
4161 4192 4459 4271 nomine,

2966 4288 3081 4354 sed
3131 4291 3327 4355 etiam
3371 4294 3691 4355 Laeliam‘.
3774 4290 3995 4359 Fuere
4037 4307 4300 4373 tamen,
4340 4296 4463 4381 qui

1345 4434 4469 4467 ww

1439 4531 1500 4599 a)
1538 4526 1687 4588 nist.
1726 4526 1875 4598 Aug.
1913 4542 1978 4604 p.
2019 4523 2142 4586 856-

1367 4617 1498 4679 ΧῙΙ.
1536 4617 1599 4672 iu
1637 4612 1891 4670 Gallieu.

2328 4519 2399 4593 b>
2437 4518 2501 4575 in
2537 4482 2818 4612 Loium
2846 4529 2959 4596 tyr.

3136 4520 3196 4592 ι)
3235 4520 3379 4598 cap.
3417 4529 3509 4585 aa
3656 4518 3725 4595 a)
3765 4521 3913 4597 cap.
3950 4524 4047 4586 46.
4191 4526 4257 4596 ο)
4290 4523 4454 4583 nou

4630 4227 4641 4291 J
