4652 5937
1283 502 1992 579 ANTovas
2092 503 2391 594 PIVS.
3282 529 3374 603 29

568 695 815 754 Eadem
857 694 1150 753 adversa.

268 796 459 856 lMP.
506 796 581 855 1..
618 794 935 859 AVREL.
971 786 1286 859 VERVS.
1325 788 1532 856 AVG.
1576 792 1781 868 Caput

274 898 352 958 1..
410 901 561 958 Veri
588 900 848 956 nudum.
879 894 1019 956 AR.

409 996 780 1081 Singularis
819 995 925 1058 hie
974 1015 1249 1069 numus,
1292 991 1416 1054 nisi
1447 990 1621 1052 forte
1650 1011 1776 1051 una

277 1098 678 1184 permutatio
736 1095 1068 1170 matricis,
1131 1106 1241 1156 aut
1284 1094 1621 1177 quaepiam
1671 1110 1778 1152 ve-

280 1201 449 1262 teris
487 1197 863 1282 impostoris
889 1196 1068 1257 fraus
1099 1194 1497 1279 singularem
1531 1192 1775 1265 effecit,

283 1302 504 1364 editus
559 1313 658 1362 est
687 1321 724 1361 a
760 1296 1180 1381 Vign01i0-in
1213 1293 1778 1359 dissertationede

284 1404 609 1467 Columna
642 1402 795 1465 Ant.
840 1420 909 1482 p.
952 1397 1091 1481 267.

697 1606 931 1668 Numi
971 1604 1092 1663 An
1112 1601 1395 1665 tonina·

367 1708 822 1788 antiquitatem
865 1708 1219 1768 Romanam
1234 1738 1244 1755 ε
1258 1703 1679 1763 redimentes.

412 1909 502 1974 Vt
533 1903 926 1988 religionem
949 1904 1207 1979 avitam,
1244 1924 1320 1967 ao
1357 1899 1788 1966 caerimonias

293 2025 690 2074 conservare
727 2007 1013 2090 integras
1036 2050 1054 2081 ,
1089 2026 1163 2067 ac
1198 2024 1395 2089 puras
1432 2004 1607 2065 omni
1637 2021 1790 2064 con-

292 2112 591 2174 tentione
661 2107 1064 2172 adlaboravit
1122 2107 1522 2179 Antoninus,
1595 2117 1789 2187 atque

294 2212 496 2276 etiam
541 2212 669 2274 hoe
723 2209 916 2272 titulo
965 2209 1138 2270 alter
1188 2211 1399 2270 Numa
1441 2205 1641 2289 vulgo
1691 2204 1790 2267 e'st

289 2314 589 2388 habitus,
664 2312 755 2387 ita
815 2323 880 2372 et
941 2312 1191 2372 Romae
1279 2309 1644 2380 nascentis,
1712 2325 1787 2368 ae

290 2415 489 2500 primi
536 2413 677 2498 ejus
714 2411 858 2474 aevi
894 2410 1194 2495 prodigia
1232 2431 1486 2472 summa
1520 2408 1791 2489 religio·

291 2537 382 2579 ne
412 2514 803 2588 observavit,
848 2532 1209 2597 eorumque
1249 2512 1631 2573 memoriam
1661 2530 1787 2592 qua

290 2617 506 2702 potuit
570 2615 822 2697 ratione
885 2614 969 2676 ad
1037 2614 1486 2678 renovandum
1542 2610 1780 2673 civium

290 2720 363 2779 in
438 2718 711 2803 patriam
757 2735 1047 2777 amorem
1094 2713 1448 2778 revocavit.
1509 2710 1782 2774 Acuerit

291 2820 660 2906 principem
705 2837 903 2900 super
946 2816 1231 2878 innatam
1267 2815 1578 2898 pietatem
1611 2825 1783 2872 nata-

291 2923 377 2985 lis
408 2920 586 2983 urbis
614 2916 1148 3002 nongentesimus
1171 2960 1188 2988 ,
1233 2935 1424 3000 quem
1459 2911 1783 2978 celebrari

294 3045 370 3086 se
419 3023 781 3105 imperante
830 3008 1124 3102 contigitI
1184 3019 1285 3080 De
1334 3017 1475 3098 ejus
1508 3016 1573 3073 in
1624 3014 1784 3075 anti-

294 3124 608 3209 quitatem
655 3111 926 3202 patriam
974 3119 1383 3182 observantia
1436 3114 1600 3176 nihil
1650 3134 1785 3175 me-

292 3224 544 3289 moriae
586 3220 940 3305 prodidere
979 3219 1373 3303 superstites
1395 3237 1618 3278 rerum
1653 3218 1785 3276 Ro-

296 3345 630 3390 manarum
663 3323 1036 3406 scriptores.
1086 3325 1335 3382 Tamen
1360 3319 1615 3400 insigne
1642 3316 1783 3399 ejus

292 3430 539 3491 sactum
590 3424 717 3486 hue
747 3409 1084 3506 pertine‘ns
1116 3432 1585 3484 commemorat
1620 3420 1785 3478 Pau·

289 3530 542 3601 sanias,
604 3524 715 3611 qui
763 3536 1020 3598 narrat,
1083 3521 1480 3585 Antoninum
1531 3519 1786 3580 Pallan·

292 3632 462 3695 tium
499 3625 848 3699 Arcadiae,
896 3645 1043 3686 eum
1081 3624 1264 3685 vicus
1307 3634 1481 3683 esset
1533 3617 1787 3704 ignobi-

290 3732 420 3803 lis,
480 3731 544 3791 in
609 3725 790 3790 urbis
835 3722 1118 3784 formam
1186 3724 1567 3806 ampliasse,
1628 3720 1788 3781 libe-

167 3826 181 3833 ’
291 3849 611 3915 rumque,
666 3840 736 3888 et
792 3847 829 3886 a
869 3823 1130 3885 tributis
1181 3824 1467 3885 immune
1525 3822 1782 3894 fecisse,

294 3932 603 4020 quoniam
682 3927 833 3988 inde
907 3945 1058 3987 cum
1122 3923 1374 3986 colonis
1449 3925 1784 4007 piofectus

293 4032 607 4097 Evander
651 4035 924 4114 propter
957 4026 1251 4088 Tiberim
1301 4046 1381 4087 eo
1430 4025 1582 4088 loco
1633 4045 1785 4087 eon·

296 4134 503 4207 sedit,
551 4132 662 4218 qui
707 4134 857 4213 pars
898 4143 1125 4212 postea
1157 4127 1336 4188 urbis
1371 4130 1619 4189 Romae
1647 4127 1784 4187 fue·

298 4250 441 4308 rat,
495 4247 564 4296 et
608 4253 731 4316 pro
757 4232 1079 4293 Pallantio
1119 4229 1347 4292 ablatis
1388 4228 1537 4289 inde
1572 4228 1784 4288 literis

296 4341 360 4401 1.
395 4352 459 4399 et
492 4339 550 4398 N
583 4338 906 4397 Palatium
947 4333 1030 4394 sit
1066 4331 1311 4394 dietum
1359 4331 1438 4408 ³).
1510 4332 1788 4391 Praeter

300 4440 558 4502 illustre
574 4435 702 4499 hoe
734 4434 1175 4497 testimonium
1195 4448 1455 4515 praesto
1475 4444 1574 4493 est
1590 4430 1787 4493 etiam

302 4560 593 4604 marmor
643 4538 979 4621 vulgatum
1013 4556 1050 4597 a
1084 4534 1396 4597 Fabretto
1436 4531 1500 4615 ¹²)
1524 4578 1540 4609 ,
1609 4533 1790 4594 dedi·

412 4772 473 4842 a)
515 4768 580 4825 L.
622 4766 783 4825 V11L
824 4786 872 4823 c.
911 4774 1005 4829 43.

1846 699 2237 771 &cetumque
2298 689 2627 753 Antonino
2690 690 3063 768 OPTIMO.

1151 4762 1239 4836 b)'
1263 4762 1534 4836 inscript.
1575 4781 1701 4838 cap.
1743 4761 1816 4817 X.
1855 4780 1911 4817 n.
1951 4759 2041 4820 62.

3131 693 3378 753 MAXI-

1891 788 2111 882 MOQ.
2151 791 2550 854 PRINCIPI.
2594 794 2735 857 ΕΤ.
2781 795 2984 859 CVM.
3045 795 3374 858 SVMMA.

1891 890 2518 956 BENIGNI'PATE.
2607 894 3134 957 IVSTISSIMO.
3178 929 3183 933 -
3233 896 3379 961 OB.

1892 990 2340 1051 INSIGNEM.
2417 992 2680 1058 ERGA.
2753 994 3380 1058 CAERIMONIAS.

1890 1092 2339 1153 PVBLICAS.
2402 1095 2725 1158 evum.
2794 1096 2930 1159 Ac,
2985 1070 3384 1158 n‘Emom-

1894 1195 2105 1254 NEM.
2167 1195 2250 1254 At
2303 1195 2511 1255 multo
2554 1195 2726 1256 istud
2747 1196 2950 1278 magis
2999 1196 3389 1259 confirmant

1894 1291 2076 1353 numi
2117 1292 2298 1375 pium
2351 1292 2479 1355 hoe
2527 1294 2667 1377 ejus
2711 1296 2997 1359 studium
3046 1296 3387 1378 depraedi-

1896 1406 2157 1469 cantes,
2217 1393 2329 1477 qui
2384 1394 2686 1479 plerique
2748 1397 3065 1460 maximae
3130 1396 3386 1458 formae

1897 1505 2078 1567 sunt,
2126 1514 2289 1577 quos
2323 1494 2488 1558 adeo
2527 1516 2753 1559 omnes
2791 1497 3158 1581 argumenti
3196 1517 3389 1562 eausa

1895 1592 2082 1658 lubet
2113 1595 2350 1658 eodem
2383 1596 2534 1659 loeo
2568 1597 2635 1656 in
2665 1614 3088 1684 conspectum
3121 1603 3302 1669 dare.

2629 1782 2668 1819 G

2463 1822 2502 1861 ιιι
2793 1826 2832 1863 ι

2187 1880 2719 1950 ANTONINVS.
2754 1886 2951 1951 AVG.
2986 1887 3205 1952 PIVS.
3224 1891 3299 1950 P.
3315 1891 3391 1951 P.

2191 1983 2331 2044 ΤΒ.
2382 1986 2457 2043 Ρ.
2495 1983 2686 2047 COS.
2735 1986 2848 2050 111.
2909 1991 3111 2065 Caput
3144 1962 3395 2053 laurea·

2191 2092 2343 2144 tum.

1906 2180 2067 2244 Sine
2083 2186 2447 2263 epiqraphe.
2489 2186 2794 2248 Hercules
2811 2209 2863 2250 s.
2885 2191 3088 2251 leonis
3122 2197 3396 2256 exuvias

1905 2295 2145 2358 teneus,
2176 2289 2527 2357 dexteram,
2572 2309 2702 2368 qua
2738 2291 2989 2349 clavam
3026 2301 3210 2366 tenet,
3257 2298 3394 2376 qui-

1906 2388 2172 2447 busdam
2190 2384 2686 2449 deosculandam
2689 2394 2973 2470 porriqit
2975 2414 3007 2466 ;
3035 2397 3244 2469 juxta
3276 2398 3390 2456 Ca·

1904 2506 2015 2547 cus
2040 2489 2218 2549 humi
2242 2498 2482 2549 stratus
2503 2536 2517 2563 ‚
2564 2501 2629 2551 et
2657 2492 2877 2569 specius
2896 2536 2914 2566 ,
2973 2512 3057 2553 ez·
3091 2516 3215 2575 quo
3244 2516 3391 2572 pro·

1903 2596 2144 2649 tractus
2169 2591 2326 2668 fuit.
2370 2589 2509 2652 ΑΕ.
2543 2612 2626 2652 m.
2661 2611 2747 2654 m.
2791 2594 2988 2672 (Mus.
3018 2593 3308 2674 Albani.)

2024 2691 2193 2750 Nota
2242 2709 2324 2750 ex
2376 2689 2694 2772 Virgilio,
2760 2689 3039 2766 ovidio,
3114 2694 3388 2778 aliisque

1898 2789 2054 2879 Caci
2118 2791 2390 2852 esuritio
2414 2836 2430 2866 ,
2496 2805 2563 2853 et
2637 2791 2978 2854 latrocinia
3032 2814 3114 2856 ex
3165 2810 3388 2858 monte

1898 2891 2245 2965 AventinO,
2291 2911 2485 2975 quem
2522 2891 2792 2962 insedit,
2840 2892 3048 2955 vicina
3083 2896 3390 2957 infestan-

1900 2993 2020 3067 tis,
2067 2993 2339 3076 ejusque
2373 2993 2640 3054 exitium
2687 2991 2767 3054 ab
2803 2995 3094 3059 Hercule
3129 2998 3388 3060 abactas

1899 3094 2101 3156 boves
2141 3106 2483 3175 repetente
2520 3095 2975 3158 acceleratum.
3055 3099 3239 3159 Grati
3289 3111 3391 3162 ae-

1901 3197 2106 3268 colae,
2152 3216 2296 3255 nam
2335 3207 2474 3255 erat
2507 3195 2613 3257 hic
2650 3197 2895 3278 praedo
2930 3222 3057 3270 non
3090 3203 3225 3262 leve
3247 3205 3391 3274 fini-

1899 3300 2074 3358 timis
2090 3299 2566 3377 hospitibusque
2578 3300 2818 3357 malum
2831 3311 2996 3360 teste
3018 3303 3275 3362 Nasone
3310 3303 3390 3376 c),

1902 3396 2222 3458 vindicem
2264 3395 2634 3456 liberatoris
2652 3395 2986 3458 dexteram
3011 3399 3391 3463 deosculan-

1903 3513 2000 3560 tes
2049 3498 2116 3558 in
2148 3495 2421 3580 egregio
2462 3495 2588 3558 hoe
2629 3497 2890 3559 cimelio
2909 3516 3387 3581 proponuntur.

1903 3599 2055 3662 Caci
2103 3611 2558 3680 argumentum
2595 3597 2944 3660 exhibetur
2971 3601 3164 3662 etiam
3192 3602 3255 3663 in
3275 3626 3392 3664 nu·

1904 3722 2010 3762 mo
2043 3699 2295 3762 Aurelii
2314 3700 2638 3773 Caesaris,
2688 3720 2882 3783 quem
2917 3702 3066 3763 vide
3104 3703 3274 3765 infra
3309 3704 3392 3765 ad

1903 3823 2140 3864 annum
2173 3803 2252 3869 V.
2271 3802 2342 3863 C.
2372 3818 2516 3882 qoo.
2549 3800 2719 3866 Vide
2747 3815 2814 3865 et
2848 3823 3080 3864 numos
3117 3824 3390 3888 sequen-

1901 3916 1999 3965 tes
2035 3903 2219 3964 duos.

2625 4018 2663 4056 sn

2460 4061 2499 4099 a
2789 4063 2827 4101 ι

2193 4121 2716 4186 ANTONINVS.
2755 4120 2955 4186 AVG.
2974 4121 3192 4186 PIVS.
3225 4124 3296 4183 P.
3314 4126 3386 4187 P.

2189 4228 2328 4287 ΤΒ.
2375 4226 2449 4285 Ρ.
2488 4222 2721 4287 xV111.
2771 4226 2971 4300 Caput
3011 4225 3387 4287 laureatum.

1903 4327 2094 4392 COS.
2126 4329 2265 4388 1111.
2298 4328 2603 4387 Hercules
2622 4347 2670 4384 s.
2692 4329 2992 4398 clavam,‘
3017 4335 3083 4386 et
3115 4332 3390 4388 exuvias

1904 4433 2106 4492 leonis
2142 4433 2202 4489 d.
2230 4438 2526 4506 pateram
2558 4436 2774 4487 tenens
2800 4429 2892 4486 ad
2903 4447 3086 4486 aram
3119 4430 3390 4506 iquitam

1905 4533 2244 4611 sacrificat,
2276 4548 2488 4608 popae
2517 4530 2641 4589 duo
2676 4538 2929 4616 tearum
2946 4530 3239 4602 attinent,
3277 4534 3392 4590 ad-

2192 4759 2251 4828 e)
2292 4759 2446 4813 Fast.
2485 4754 2526 4811 Ι.
2563 4766 2688 4821 55¹2.
2747 4813 2752 4816 .
