4652 5937
0 1563 54 1626 tn.

1486 459 2291 541 sPoNs1Ast„
2652 435 2655 438 ’
3259 482 3404 554 341

308 659 522 710 antur.
578 643 749 712 vide
782 641 978 706 etiam
1015 641 1332 726 judicium
1369 644 1455 709 cl.
1481 648 1831 708 Neutrum·-

309 747 413 823 ui,
458 748 567 832 qui
601 760 944 831 praeterea
982 746 1173 827 hujus
1198 745 1380 807 numi
1411 744 1803 809 iconismum

308 848 489 911 dedit
523 853 599 929 ⁸).
665 848 908 924 -Addo,
957 861 1307 931 utrumque
1332 861 1628 909 nostrum
1666 871 1806 910 mue

304 950 405 1013 sei
429 949 732 1016 Caesarei
755 971 1021 1014 numum
1050 968 1222 1012 anno
1267 948 1424 1027 1713
1458 964 1803 1034 repertum

1918 606 2123 708 fnisse
2156 644 2222 707 in
2255 641 2590 707 consortio
2624 664 2770 707 cum
2795 624 3002 708 tribus
3030 646 3245 709 aureis
3264 647 3410 711 bar·

1918 745 2095 809 baris
2157 745 2370 830 gentis
2420 744 2754 820 Plautiae,
2816 759 2881 807 et
2924 745 3201 811 laudatis
3252 759 3412 812 mox'

1918 849 2216 915 barbaris
2251 845 2570 928 Gordiani
2608 860 2674 909 et
2712 845 3025 931 Philippi.
3197 842 3206 850 ’

1611 1174 2108 1236 PRETIVM.

703 1370 874 1432 Sunt
916 1380 1160 1432 tantum
1204 1369 1429 1447 aurei,
1475 1370 1653 1456 iique
1755 1417 1776 1436 .

768 1631 799 1645 Ὦ

1859 1408 2625 1437 000000000

1532 1689 2124 1761 ‚MONITVM

430 1886 681 1947 Aevum
738 1882 1112 1965 ingredior,
1170 1902 1227 1944 ‘ax
1269 1900 1400 1965 quo
1446 1884 1795 1947 Anselmus

304 1987 671 2052 Bandurius
697 1987 1166 2067 imperatorum
1198 2003 1431 2044 numos
1464 1983 1798 2047 describe·

303 2112 377 2152 re
409 2108 683 2151 exorsus
721 2101 837 2150 est.
870 2086 1097 2149 'Nemo
1132 2086 1296 2159 erit,
1343 2086 1452 2166 qui
1484 2107 1616 2147 non
1648 2107 1797 2148 eru-

304 2191 420 2252 diti
462 2189 654 2269 hujus
694 2186 817 2250 viri
850 2188 1259 2270 propositum
1298 2187 1653 2249 Herculeis
1681 2188 1795 2249 hu·

303 2292 503 2353 meris
537 2290 803 2377 dignum
841 2304 907 2351 et
950 2288 1309 2351 admiretur
1339 2302 1408 2350 et
1441 2288 1793 2352 vehemen-

301 2408 407 2454 ter
445 2391 783 2475 adprobet.
870 2394 955 2455 At
993 2411 1190 2453 nemo
1242 2393 1370 2452 erit
1401 2391 1593 2451 etiam
1618 2435 1634 2465 ‚
1681 2390 1792 2474 qui

298 2515 433 2559 non
475 2494 759 2557 fateatur
818 2494 1034 2569 ultro,
1097 2493 1175 2553 in·
1225 2492 1619 2575 praegrandi
1664 2494 1789 2559 hoc

294 2617 504 2680 opere
560 2595 845 2678 plurima
905 2595 1233 2657 contineri
1289 2593 1657 2677 superflua,
1723 2609 1789 2656 et

292 2697 773 2782 philologiam,
818 2710 1094 2779 propter
1137 2719 1330 2781 quam
1382 2698 1545 2759 haec
1580 2698 1790 2759 studia

294 2802 687 2873 tractamus,
732 2820 961 2881 parum
994 2797 1304 2879 juvantia.
1387 2802 1550 2860 Nam
1597 2820 1792 2883 quor-

298 2926 442 2966 sum
504 2900 767 2976 tandem
829 2900 1143 2977 molesta,
1205 2915 1401 2986 atque
1462 2900 1546 2963 ad
1612 2901 1791 2963 fasti·

295 3006 474 3068 dium
517 3022 868 3066 recurrens
915 3001 1210 3083 ejusdem
1252 3005 1435 3065 numi
1477 3004 1790 3085 repetitio

292 3106 521 3189 exigui
557 3103 954 3165 discriminis
990 3121 1218 3179 causa,
1264 3107 1442 3187 quod
1472 3107 1656 3167 nullo
1678 3104 1788 3167 de·

293 3210 605 3272 trimento
628 3204 870 3265 licebat
896 3205 1251 3286 ignorare?
1286 3197 1483 3289 Atqui
1515 3221 1583 3266 et
1613 3207 1787 3267 sirni-

293 3311 360 3372 le
391 3305 723 3370 fastidium
758 3305 823 3362 in
858 3307 1202 3388 vulgandis
1222 3307 1657 3368 marmoribus
1692 3309 1788 3368 in·

296 3409 567 3474 utilibus
587 3405 847 3468 tandem
877 3406 1070 3466 etiam
1090 3390 1389 3489 ’pervasit
1409 3408 1785 3491 Scipionem

294 3511 653 3576 Maffcium.
702 3509 988 3585 De'ffileri
1005 3512 1258 3590 quidem
1273 3531 1534 3591 ηεᾳιιεο,
1568 3511 1664 3576 ‚ait
1694 3507 1781 3584 b),

288 3617 558 3678 nimium
590 3613 660 3670 in
688 3612 790 3669 llis
843 3612 1028 3670 rebus
1076 3616 1474 3692 quorundam
1508 3615 1784 3690 diliyen-

292 3722 451 3780 tiam
476 3715 818 3793 procedere
838 3756 853 3786 ‚
902 3731 1004 3771 res
1033 3715 1226 3772 nihili
1254 3716 1325 3773 in
1353 3718 1555 3774 'lucem
1572 3717 1783 3791 publi·

286 3840 432 3883 cam
454 3817 937 3897 proferentium.
986 3817 1194 3874 Tanto
1216 3816 1424 3898 magis
1458 3813 1636 3890 mihi,
1669 3815 1779 3897 qui

288 3945 421 3985 non
475 3918 845 3998 catalogum
890 3917 1238 3976 numorum'
1284 3930 1613 3991 veterum,
1661 3916 1779 3978 sed

288 4004 656 4088 doctrinam
676 4004 979 4103 'scribere
1014 4037 1364 4099 aggressus
1404 4039 1544 4078 sum
1570 4061 1586 4091 ,
1630 4038 1780 4099 per·

288 4126 554 4187 missum
577 4124 840 4206 putabo,
873 4122 1217 4205 negligere
1239 4139 1353 4180 eos
1374 4139 1628 4194 numos,
1667 4119 1780 4201 qui

286 4226 371 4290 ad
423 4226 785 4288 doctrinam
836 4225 1001 4286 nihil
1065 4222 1435 4287 conferunt.
1529 4224 1779 4281 Tamen

289 4348 438 4391 cum
482 4328 552 4387 in
595 4327 773 4387 omni
833 4327 1140 4389 scientiae
1211 4343 1456 4409 genere
1502 4323 1781 4384 habean-

287 4443 398 4490 tur
442 4430 643 4497 multa
686 4429 908 4510 exigui
968 4428 1035 4488 in
1099 4427 1388 4509 speciem
1439 4425 1775 4496 momenti,

293 4545 356 4590 et
395 4528 682 4591 existere
712 4531 915 4612 possit
946 4515 1279 4611 ingenium
1327 4547 1553 4611 sagax,
1586 4524 1779 4610 ,quod

357 4745 423 4816 a)
464 4740 639 4798 Numi
674 4761 822 4819 pop.
861 4742 921 4798 P.
963 4741 1035 4797 11.
1073 4760 1134 4818 p.
1176 4750 1295 4813 139.

1900 1886 2142 1950 -aurtim
2186 1884 2394 1969 possit
2453 1905 2536 1948 ex
2579 1869 2682 1949 his
2740 1886 2972 1948 scoriis
3030 1906 3404 1961 secernere,

1911 2009 2045 2049 non
2107 2008 2454 2069 possumus
2517 1987 2792 2071 egregio
2852 1988 3223 2076 BanduriO,
3289 1991 3405 2074 qui

1910 2102 2041 2150 tam
2090 2087 2365 2152 arduum
2436 2088 2562 2149 sibi
2623 2080 2917 2149 lab‘orem
2978 2086 3403 2171 imposuerat,

1910 2204 2045 2252 non·
2089 2190 2403 2251 maximas
2454 2189 2699 2257 habere
2744 2190 3008 2270 gratias·
3093 2195 3179 2253 At
3228 2194 3403 2255 enim

1896 2289 1964 2354 'si
2008 2292 2184 2352 laudi
2231 2291 2392 2366 suit,
2440 2311 2655 2375 neque
2699 2291 3131 2354 minutissima
3174 2294 3243 2355 in
3285 2318 3400 2357 nu·

1908 2394 2034 2454 mis
2078 2393 2495 2476 neglexisse,
2554 2414 2687 2453 non
2742 2412 2869 2475 ego
2912 2395 3406 2475 reprehenden-

1907 2495 2068 2569 dus,
2116 2494 2170 2555 si
2220 2515 2297 2555 ea
2353 2496 2665 2577 deinceps
2710 2506 2960 2555 tantum
3004 2514 3404 2559 commemo-

1906 2615 2187 2669 ravero,
2234 2617 2399 2679 quae
2436 2599 2560 2658 arti
2599 2608 2862 2657 nostrae
2908 2594 3201 2678 proficua
3254 2619 3400 2661 esse

1904 2699 2341 2772 intellexero,
2389 2713 2581 2781 atque
2616 2695 2788 2758 istud
2827 2696 3161 2778 parciore,
3208 2719 3402 2781 quam

1902 2800 2223 2877 antehac,
2271 2800 2556 2876 dilectu,
2605 2799 2755 2882 quia
2807 2796 3062 2881 reliqua
3116 2799 3402 2882 impera-

1906 2915 2122 2963 torum
2173 2890 2474 2979 moneta,
2520 2915 2594 2963 ut
2650 2919 2927 2961 numero
2982 2911 3082 2962 est
3123 2899 3398 2978 infinita,

1904 3005 2000 3068 sic
2057 3006 2271 3068 minus
2331 3004 2719 3089 frequenter
2778 3002 3130 3087 quidquam
3179 3003 3397 3083 offert,

1903 3106 2080 3188 quod
2131 3108 2199 3167 in
2255 3125 2709 3190 quamcunque
2757 3118 3019 3187 partem
3064 3105 3203 3170 sive
3247 3127 3401 3189 pro-

1903 3210 2027 3281 sit,
2074 3209 2211 3268 sive
2258 3207 2570 3269 delectetz
2631 3206 2783 3298 Quo
2828 3207 2893 3267 in
2927 3207 3267 3288 proposito
3300 3228 3399 3269 sc-

1902 3306 2124 3370 dulam
2203 3308 2371 3370 dabo
2450 3327 2756 3388 operam,
2833 3325 2919 3367 ne
2999 3322 3399 3368 commenta-

1904 3409 2041 3470 rios
2089 3428 2271 3470 meos
2315 3407 2666 3492 quidquam
2720 3406 3023 3489 effugiat,
3067 3407 3248 3489 quod
3291 3409 3412 3472 va·x

1899 3509 2045 3571 lere
2084 3509 2165 3570 ad
2219 3509 2626 3593 philologiae
2673 3509 2883 3570 studia
2916 3510 3155 3591 possit,
3201 3509 3396 3570 nihil-

1900 3632 2027 3695 que
2077 3612 2219 3692 ejus
2265 3611 2530 3694 generis
2575 3611 2652 3684 ii,
2716 3610 2828 3693 qui
2874 3611 2939 3670 in
2986 3603 3124 3672 arte
3169 3627 3391 3676 nostra

1898 3732 2120 3773 veram
2167 3712 2553 3786 utilitatem,
2599 3733 2731 3773 non
2781 3711 2988 3772 otiosa
3034 3715 3418 3786 sectantur„

1897 3838 1932 3877 a
1994 3834 2101 3876 me
2143 3811 2676 3897 praetermissum
2735 3813 2989 3895 possint
3052 3816 3389 3896 conqueri.

1897 3916 2309 3977 Monendum'
2340 3916 2661 3998 denique,
2710 3935 2818 3974 me.
2855 3933 3038 4000 more
3076 3934 3224 3976 meo
3245 3917 3390 3976 nul-

1896 4018 2023 4078 lam
2054 4017 2373 4078 rationem
2409 4017 2780 4078 habiturum
2805 4015 3241 4102 §singularium
3279 4035 3389 4080 eo·

1896 4138 2041 4179 rum
2064 4139 2410 4180 numorum
2435 4164 2450 4194 ‚
2496 4139 2660 4202 quos
2690 4116 3057 4179 Bandurius
3086 4139 3120 4178 a
3150 4136 3220 4178 se
3253 4139 3385 4179 non

1896 4211 2316 4303 conspectos,
2366 4220 2482 4281 sed
2515 4240 2594 4281 ex
2624 4219 2901 4279 aliomm
2929 4218 3384 4301 =catalogorum

1893 4319 2062 4406 fide,
2127 4323 2307 4386 velut
2361 4319 2818 4395 Mediobarbi‚
2877 4319 3065 4404 operi
3115 4337 3232 4383 suo
3289 4320 3382 4381 iu-

1896 4438 2107 4487 sertos
2141 4423 2374 4489 voluit.

2501 4597 2526 4615 O
2835 4597 2844 4601 ⁶
3038 4597 3089 4629 f?

3025 4631 3033 4640 ι

1444 4738 1512 4812 b)
1557 4741 1702 4797 MuS.
1743 4727 1964 4799 Veron.
2000 4759 2061 4819 p.
2104 4749 2228 4804 251.
