4652 5937
1416 460 1740 540 coRN.
1791 411 2261 539 svamm

296 640 414 701 bue
436 643 754 722 strinqem
770 685 787 718 ,
832 664 1099 728 superne
1138 649 1579 727 cornucopiam
1643 647 1787 710 AB.

302 739 386 801 11.
418 741 744 820 (Pellerin
772 748 937 808 Rec.
976 749 1023 807 1.
1055 770 1118 829 p.
1158 746 1360 824 XXI.)

495 897 507 906 .
582 846 1783 911 IMP.M.AEM.AEM1L1ANO.

580 948 784 1025 Caput
823 950 1198 1009 laureatum.

303 1043 377 1106 C.
410 1041 490 1104 G.
534 1043 807 1109 H..1P.
857 1051 1275 1130 Idemtypm.
1320 1050 1459 1112 ΑΕ.
1492 1049 1572 1109 11.
1607 1051 1789 1130 (Pel-

302 1141 480 1206 lerin
507 1146 666 1207 Mel.
698 1150 745 1212 1.
772 1170 836 1231 p.
869 1147 1045 1232 326.)

426 1246 553 1307 Est
584 1260 863 1333 uterque
908 1251 1019 1316 hic
1055 1274 1291 1319 numus
1332 1258 1633 1321 coloniae
1668 1260 1791 1321 Pa-

304 1341 526 1408 rianae
559 1350 831 1429 Mysiae.

589 1444 650 1508 l
657 1451 779 1516 ΑΙ.
822 1451 1025 1521 ΚΟΡ.
1075 1455 1611 1523 coTHEPHN.
1654 1455 1789 1524 CC.

339 1589 344 1596 -
587 1555 752 1629 Ejus
784 1561 1005 1634 ’.σαρκί

311 1644 525 1714 APX.
548 1648 688 1715 ΤΟ.
711 1651 787 1715 Β.
810 1647 1466 1721 ΦΕΙΛΟΤΕΙΜΩ.
1501 1654 1792 1720 ΙΟΤΛΙ-

312 1744 539 1811 ΕΩΝ.
579 1755 805 1816 Pallas
847 1764 1087 1821 sedens.
1130 1761 1273 1824 ΑΕ.
1312 1765 1393 1826 11.

433 1853 583 1914 Hoc
616 1855 813 1917 modo
847 1857 1168 1941 legendus
1207 1863 1314 1925 hic
1349 1859 1684 1929 Vaillantii
1728 1871 1795 1920 et

307 1952 568 2031 Haymii
612 1975 846 2018 numus
891 1959 986 2021 sic
1028 1963 1474 2045 praecipiente
1517 1957 1797 2021 Pelleni-

306 2050 440 2111 nio.
488 2053 677 2133 (Rec.
712 2058 762 2118 1.
795 2079 860 2140 p.
890 2058 1060 2122 XXI.
1100 2075 1167 2123 et
1209 2063 1369 2124 Mel.
1402 2065 1482 2123 ΙΙ.
1520 2083 1583 2143 p.
1617 2059 1793 2136 231.)

308 2150 385 2211 In
426 2152 791 2234 Haymiano
835 2173 904 2222 et
945 2162 1390 2226 Pelleriniano
1435 2175 1536 2223 est
1576 2162 1796 2239 Cybele

314 2258 559 2318 sedens.
736 2275 739 2282 ‘¹
1336 2278 1346 2288 ·

591 2360 1105 2426 Alexandrinum
1137 2386 1282 2429 cum
1315 2369 1393 2430 L.
1425 2367 1500 2430 A.
1543 2379 1610 2428 et
1639 2378 1803 2446 typo

596 2463 896 2524 Monetae
959 2465 1177 2529 obiter
1252 2469 1407 2531 citat
1477 2463 1822 2529 maffeius..

594 2564 872 2643 (Veron.
900 2566 997 2627 ill.
1033 2571 1107 2628 P.
1138 2569 1246 2627 111.
1279 2556 1427 2652 pa‘g.
1460 2567 1641 2646 268.)

344 2675 355 2678 *
433 2664 536 2725 Ex
556 2663 658 2726 his
684 2664 1079 2749 insigniores
1101 2683 1247 2729 sunt
1269 2670 1450 2730 numi
1468 2672 1796 2751 Aegarum

315 2760 584 2825 Ciliciae
616 2779 894 2848 propter
937 2768 1313 2832 adstitutum
1350 2769 1656 2853 epochae
1692 2791 1800 2830 an-

309 2884 464 2927 uum
488 2862 697 2942 (990,
746 2884 889 2948 299.
935 2870 1166 2952 Coepit
1205 2872 1397 2951 hujus
1435 2854 1616 2938 urbis
1650 2896 1801 2938 aera

313 2966 382 3028 in
444 2983 752 3033 autumno
796 2971 877 3038 V.
939 2973 1011 3035 C.
1072 2992 1235 3055 707,
1293 2997 1439 3051 non¹
1487 2980 1556 3040 in
1615 2999 1796 3055 vere,

316 3081 389 3130 ut
431 3084 659 3133 contra
700 3072 1122 3139 Vaillantium
1183 3075 1251 3135 in
1292 3079 1622 3160 Aegarum
1667 3099 1805 3141 mo-

316 3182 470 3230 neta
531 3169 875 3253 disputavi.
972 3176 1154 3257 Ergo
1214 3178 1397 3251 numi
1457 3180 1584 3240 hoc
1647 3197 1802 3259 epo·

321 3269 486 3334 chae
516 3290 684 3332 anno
717 3270 1009 3355 insignes
1034 3274 1174 3335 cusi
1205 3287 1352 3335 sunt
1382 3274 1462 3335 ab
1494 3289 1802 3336 autumno

317 3375 401 3440 V.
459 3374 529 3435 C.
584 3373 744 3435 1005
803 3374 1008 3457 usque
1054 3373 1137 3435 ad
1193 3386 1569 3436 autumnum
1622 3375 1806 3436 1000.

318 3477 422 3537 Ex
453 3473 581 3538 hoc
615 3475 1013 3553 calculoiam
1047 3476 1177 3535 ruit
1199 3477 1517 3536 sententia
1554 3494 1805 3547 eorum,

322 3578 437 3660 qui
472 3577 788 3658 Superam
820 3576 1172 3643 Valeriano
1202 3575 1337 3657 jun.
1372 3575 1805 3649 sociaverunt,

322 3676 482 3739 cumv
533 3690 675 3739 toto
731 3678 860 3740 hoc
926 3676 1137 3739 adhuc
1195 3689 1495 3759 tempore
1556 3675 1806 3760 Trebo-

320 3779 551 3840 nianus
575 3820 592 3853 ,
637 3790 709 3840 ut
741 3798 935 3859 supra
970 3777 1038 3837 in
1068 3776 1260 3858 hujus
1294 3777 1447 3853 trib.
1483 3789 1805 3861 potestate

319 3880 583 3963 prolixe
640 3878 1000 3961 disputavi,
1073 3877 1423 3959 imperium
1495 3877 1805 3952 tenuerit,

320 3982 576 4045 intruso
631 3980 804 4042 inter
845 3979 1009 4042 haec
1063 3980 1129 4039 in
1175 3974 1376 4040 Dacia
1419 3977 1806 4039 Aemiliano.

327 4082 526 4178 Quod
559 4082 616 4144 si
640 4082 832 4143 etiam
867 4081 1130 4155 demus,
1178 4096 1343 4162 quae
1368 4078 1493 4140 fuit
1530 4078 1807 4140 aliorum

325 4183 686 4257 sententia,
732 4181 1217 4259 Trebonianum
1261 4179 1388 4259 jam
1437 4199 1697 4241 caesum
1738 4178 1808 4238 in

325 4286 503 4370 Majo
553 4282 887 4347 velrlunio
929 4283 1009 4348 V.
1049 4283 1120 4344 C.
1178 4281 1373 4355 1000,
1433 4294 1650 4347 tamen
1696 4298 1810 4342 ne·

236 4462 253 4473 p
324 4384 639 4475 quebtum
685 4382 1100 4451 Valerianum
1153 4381 1286 4463 jun.
1334 4382 1628 4465 Superae
1671 4379 1812 4441 tha·

326 4489 519 4555 lamis
579 4486 902 4554 idoneum=
958 4481 1379 4559 habebimus,
1455 4503 1604 4545 cum
1661 4492 1814 4565 post

329 4586 824 4655 Trebonianum
878 4582 1127 4666 aliquot
1186 4583 1515 4645 mensibus
1570 4584 1812 4667 princi·

329 4709 551 4782 patum
594 4689 665 4752 in
706 4686 872 4750 urbe
921 4683 1205 4753 tenuerit
1250 4685 1689 4761 Aemilianus,
1734 4705 1811 4749 ac

3234 485 3376 551 375

1895 646 2160 711 nonnisi
2188 647 2318 712 hoc
2364 665 2556 713 caeso
2591 643 2982 713 Valerianus
3013 647 3234 713 senior
3260 668 3388 734 per

1899 763 2107 812 totum
2138 752 2350 852 imper
2353 752 2486 812 ium
2519 750 2775 832 agnitus
2803 749 3006 810 fuerit
3032 754 3382 833 Augustus,

1902 853 2078 935 quod
2134 871 2283 913 cum
2337 849 2569 924 fiebat,
2629 849 2757 931 jam
2802 849 2947 911 fere
2991 851 3247 914 effluxit
3283 875 3392 915 an·

1901 974 2028 1014 nus
2066 952 2399 1036 Aegarum
2445 969 2607 1030 1199,
2671 965 2743 1013 ut
2806 952 2969 1014 adeo
3015 966 3150 1013 tum
3199 955 3390 1015 uxori

1904 1053 2044 1136 ejus
2066 1098 2082 1128 ‚
2130 1051 2315 1133 cujus
2344 1069 2431 1110 ne
2458 1050 2719 1133 quidem
2753 1066 2942 1132 pater
2969 1051 3179 1115 adhuc
3211 1056 3390 1137 quie·
3517 1069 3520 1074 “

1904 1169 1973 1218 te
2020 1153 2405 1238 imperavit,
2450 1151 2640 1212 feriri
2692 1151 2770 1213 ab
2807 1153 3126 1234 Aegeaeis
3172 1174 3396 1216 mone-

1904 1269 1966 1317 ta
2010 1275 2143 1316 non
2189 1251 2497 1337 potuerit.
2583 1255 2687 1313 Ex
2728 1273 2857 1335 quo
2896 1265 3107 1334 patet,
3155 1268 3395 1336 quanto

1782 1405 1786 1411 .
1906 1356 2248 1419 molestius
2310 1353 2439 1413 hoc
2496 1352 2752 1414 calculo
2813 1351 3252 1435 impediantur
3322 1352 3392 1428 ii,

1908 1458 2020 1542 qui
2063 1476 2213 1518 cum
2258 1453 2614 1521 Vaillantio
2678 1454 2995 1535 epocham
3044 1469 3188 1515 cum
3235 1472 3394 1516 vere

1909 1557 2296 1631 ordiuntur3
2344 1551 2527 1612 nullo
2560 1553 2731 1614 enim
2763 1567 2952 1634 pacto
2990 1554 3243 1616 initium
3277 1556 3416 1625 im·⁴

1907 1658 2079 1742 perii
2108 1654 2445 1721 Valeriani
2487 1652 2658 1714 intra
2706 1653 2899 1734 hujus
2939 1655 3398 1735 Aegeaeorum

1911 1757 2061 1817 anni
2104 1755 2349 1815 limites
2393 1754 2733 1835 redigent,
2783 1754 2907 1815 etsi
2948 1755 3005 1814 is
3051 1754 3179 1837 jam
3223 1776 3395 1819 anno

1909 1861 1990 1924 V.
2028 1859 2099 1920 C.
2139 1855 2295 1917 1006
2343 1853 2424 1916 ad
2465 1855 2814 1937 imperium
2853 1856 3234 1936 pervenisse
3276 1872 3400 1919 sta-

1909 1973 2147 2019 tuatur.
2237 1958 2543 2017 Ceterum
2582 1955 2791 2016 omnis
2831 1957 2993 2016 haec
3046 1954 3396 2037 disputatio
3492 1949 3502 1966 '

1910 2076 2392 2140 supervacanea
2436 2069 2572 2129 est,
2621 2057 2705 2130 si,
2754 2054 2929 2135 quod
2981 2056 3046 2114 in
3085 2053 3398 2121 Salonino

1910 2161 2215 2222 evincere
2248 2154 2557 2230 conabor,
2603 2169 2941 2231 statuatur,
2974 2157 3398 2238 Valerianum

1908 2260 2042 2344 jun.
2074 2276 2286 2340 neque
2314 2258 2658 2318 Caesarem
2690 2277 2971 2338 unquam
3006 2256 3241 2333 fuisse,
3284 2279 3400 2322 ne-

1912 2381 2041 2445 que
2073 2363 2458 2440 Augustum.
2546 2355 2741 2450 Quod
2777 2357 2831 2416 si
2866 2371 3094 2417 verum
3121 2402 3136 2433 ‚
3181 2379 3400 2444 neque

1914 2460 2179 2543 conjugi
2242 2471 2422 2542 patet
2472 2459 2806 2539 Augustae
2865 2455 3128 2520 titulum
3193 2457 3400 2547 fuisse

1917 2561 2267 2642 collatum-J

2038 2665 2311 2725 Restant
2345 2662 2549 2745 igitur
2591 2661 2883 2744 Superae
2924 2660 3115 2745 proci
3153 2661 3402 2725 Trebo-

1913 2760 2142 2828 'nianus
2168 2762 2672 2835 etAemilianus,
2708 2762 2848 2834 hic,
2881 2763 3184 2845 quoniam
3221 2765 3401 2826 idem

1914 2870 2368 2949 Aegeaeorum
2419 2884 2623 2924 annus
2669 2877 2797 2925 tam
2835 2864 3004 2940 suis,
3052 2885 3245 2948 quam
3283 2866 3403 2927 Su·

1914 2989 2114 3054 perae
2170 2963 2386 3041 numis
2448 2963 2799 3046 inscriptus
2856 2979 2990 3041 est,
3037 2966 3199 3042 ille,
3246 2987 3405 3049 quo-

1912 3072 2087 3132 niam
2130 3066 2308 3129 idem
2351 3064 2460 3127 hic
2505 3086 2708 3127 annus
2751 3066 2818 3124 in
2864 3065 3007 3145 ejus
3050 3067 3404 3149 imperium

1916 3170 2107 3232 cadit.
2194 3170 2442 3233 Verum
2481 3165 2932 3226 Trebonianus
2974 3167 3138 3227 nihil
3183 3167 3401 3246 habet,

1916 3266 2096 3350 quod
2151 3266 2274 3326 sibi
2320 3283 2479 3347 prae
2524 3265 2891 3324 Aemiliano
2935 3264 3187 3345 faveat3
3221 3268 3406 3350 -quin

1916 3383 1990 3430 ut
2025 3388 2219 3448 supra
2248 3366 2314 3425 in
2348 3363 2689 3427 Volusiani
2720 3364 3089 3426 nominibus
3121 3386 3408 3428 comme-

1923 3467 2202 3539 moravi,
2251 3465 2392 3544 ejus
2440 3476 2686 3524 certam
2723 3461 2866 3524 fere
2905 3464 3218 3526 habemus
3250 3486 3407 3529 uxo-

1919 3589 2061 3630 rem
2096 3564 2404 3638 Afiniam,
2441 3561 2564 3622 nisi
2597 3562 2719 3626 hac
2755 3580 3008 3627 mortua
3045 3566 3122 3626 ad
3168 3566 3408 3628 alteras

1859 3692 1865 3698 ’
1920 3668 2178 3749 nuptias
2208 3665 2587 3726 transivisse
2624 3663 2896 3728 dicatur.
2967 3666 3406 3728 Aemilianum

1918 3768 2145 3849 juvant
2200 3762 2382 3827 numi
2443 3767 2815 3851 Aegarum,
2873 3756 3044 3850 quos
3091 3765 3407 3828 habemus

1923 3889 2072 3932 cum
2119 3870 2330 3951 capite
2388 3880 2520 3928 tam
2580 3866 2797 3941 illius,
2856 3887 3047 3950 quam
3095 3866 3409 3949 Superae,

1924 3970 2079 4053 quin
2138 3980 2397 4029 exstent
2454 3966 2575 4027 ulli
2627 3987 2772 4029 cum
2825 3968 3036 4049 capite
3095 3981 3206 4029 aut
3250 3971 3415 4029 Tre·

1921 4068 2225 4141 boniani,
2286 4079 2399 4126 aut:
2436 4067 2812 4142 Volusiani,
2869 4087 2951 4128 ex
2995 4088 3125 4151 quo
3169 4066 3413 4150 conjici

1922 4183 2177 4256 potest,
2244 4171 2590 4250 Aegeaeos
2649 4165 2852 4227 fuisse
2897 4167 3266 4229 Aemiliano
3329 4186 3414 4228 ex

1924 4290 2310 4356 quacunque
2402 4289 2595 4330 eausa
2673 4266 2985 4341 devotos,
3063 4281 3131 4345 et
3194 4267 3411 4331 audita

1924 4373 2102 4437 illius
2163 4371 2267 4433 ad·
2303 4368 2660 4452 imperium,
2729 4367 3197 4430 adclamatione
3257 4389 3414 4431 mox
3515 4436 3524 4439 ,

1926 4475 2068 4559 ejus
2086 4520 2103 4553 ,
2151 4492 2219 4540 et
2253 4474 2480 4537 uxoris
2498 4468 2761 4534 nomine
2784 4480 3104 4530 monetam
3128 4457 3432 4531 feriisse(

1925 4578 2105 4640 Idem
2140 4575 2541 4662 persuadent.
2572 4569 2817 4633 laudati
2848 4590 3042 4653 supra
3090 4569 3269 4632 numi
3305 4590 3414 4634 co·

1923 4680 2143 4745 Ioniae
2172 4677 2351 4741 Parii
2381 4695 2529 4740 cum
2565 4674 2904 4756 utriusque
2948 4692 3208 4736 rursum
3242 4670 3415 4755 capi-
