4652 5937
1485 415 2184 493 COMMODVS:

268 622 350 686 lit
378 617 598 683 lectio
621 660 643 693 ,
687 629 836 679 cum
878 609 1121 694 primas
1166 604 1235 669 in
1271 623 1498 667 aversa
1527 600 1783 686 epigra-

268 722 444 807 phes
479 719 728 780 literas
761 732 907 775 esse
948 713 1025 773 P.
1059 712 1132 771 P.
1169 705 1544 778 edicerent,
1591 717 1783 787 atque

271 824 356 888 iis
399 820 582 887 adeo
608 822 869 879 Patrem
914 813 1176 883 Patriae
1217 817 1567 870 censerent
1621 802 1788 864 indi·

276 923 438 988 cari.
543 918 706 1013 Quo
775 927 1078 995 tempore
1139 908 1509 990 catalogum
1576 902 1788 974 musei

281 1020 604 1089 Caesarei
624 1014 1182 1097 conscripseram,
1227 1009 1296 1070 in
1328 1027 1529 1069 numo
1566 1002 1786 1077 simili,

279 1144 484 1210 quem
515 1134 667 1183 tum
693 1114 962 1200 reperi,
1024 1112 1218 1175 facile
1251 1109 1516 1194 quidem
1562 1105 1791 1167 adver-

285 1226 377 1300 ti,
436 1223 737 1286 alterum
781 1217 1179 1280 elementum
1224 1229 1369 1273 esse
1416 1220 1669 1272 certum
1704 1207 1791 1281 D,

284 1343 524 1387 verum
564 1340 653 1383 eo
685 1316 1068 1402 imprudens
1101 1310 1407 1396 peccavi,
1453 1306 1629 1392 quod
1664 1304 1796 1389 pri-

291 1445 466 1488 mam
507 1423 781 1485 literam
837 1433 981 1480 esse
1025 1416 1089 1476 D
1141 1427 1438 1495 putarem
1483 1409 1552 1469 in
1592 1425 1794 1468 numo

296 1546 377 1588 eo
419 1525 581 1588 loco
631 1521 1033 1604 aliquantum
1076 1513 1335 1588 vitiato,
1403 1510 1496 1573 sic
1542 1521 1613 1569 ut
1672 1525 1795 1589 pro

301 1625 560 1690 credito
587 1621 757 1685 'aliis
792 1621 867 1680 P.
898 1620 972 1678 P.
1017 1613 1372 1697 legendum
1413 1613 1499 1673 D.
1526 1611 1611 1671 D.
1648 1627 1799 1670 cen·

301 1746 546 1790 serem.
612 1722 844 1786 Serius
875 1719 1042 1782 alter
1085 1714 1291 1798 magis
1334 1732 1525 1774 sanus
1570 1726 1797 1771 museo

304 1824 621 1900 accessit,
706 1822 855 1907 qui,
914 1832 988 1882 ut
1047 1838 1240 1899 supra
1299 1813 1796 1896 descripseram,

301 1927 529 1989 literas
575 1923 974 1985 indubitatas
1005 1921 1081 1983 P.
1116 1919 1200 1979 D.
1246 1916 1443 1991 stitit,
1490 1934 1582 1977 ex.
1614 1909 1800 1991 cujus

310 2029 469 2090 adeo
549 2038 911 2109 praecepto
976 2033 1043 2083 et
1101 2032 1451 2082 veteranus
1508 2013 1800 2083 illorum,

311 2147 629 2212 meusque
695 2125 991 2188 novicius
1034 2140 1226 2184 error
1267 2115 1555 2179 feliciter
1598 2110 1804 2176 corri-

317 2229 591 2313 gendus.
651 2225 851 2289 Haud
884 2224 1091 2289 multo
1134 2233 1283 2305 post
1322 2220 1419 2291 is,
1476 2233 1669 2298 quem
1715 2213 1808 2274 al·
1855 2269 1864 2276 .

315 2341 460 2391 tero
519 2328 631 2391 hic
693 2328 844 2389 loco
905 2321 1252 2394 recensui,
1317 2319 1385 2379 in
1428 2315 1807 2378 thesaurum
1852 2346 1864 2354 ι

323 2432 711 2491 Caesareum
739 2424 1078 2509 pervenit,
1129 2420 1313 2503 cnjus
1345 2436 1571 2481 aversa
1601 2410 1808 2497 priori

328 2529 406 2591 ad
465 2546 733 2591 omnem
793 2526 1044 2608 apicem
1092 2536 1193 2584 est
1237 2519 1605 2590 simillima,
1682 2510 1810 2572 nisi

326 2630 494 2713 quod
539 2629 607 2689 in
653 2627 777 2689 hac
819 2626 1171 2687 literae-P.
1208 2624 1292 2686 D.
1336 2620 1612 2683 omissae
1638 2627 1807 2676 sunt.

328 2736 409 2797 At
449 2748 600 2794 cum
668 2727 811 2810 ejus
851 2727 1034 2788 numi
1085 2738 1337 2808 partem
1383 2735 1644 2806 quoque
1705 2735 1812 2776 an-

332 2832 523 2894 ticam
588 2827 902 2893 attentius
960 2825 1471 2909 perlustrarem,
1519 2818 1685 2892 vidi,
1744 2815 1813 2874 in

333 2931 496 2994 hanc
541 2928 807 2996 easdem
845 2926 1048 2990 fuisse
1091 2926 1318 2988 literas
1361 2921 1702 3005 trajectas,
1747 2929 1814 2979 et

335 3034 498 3112 justo
541 3029 902 3100 intervallo,
956 3029 1037 3090 ab
1092 3026 1349 3108 reliqua
1392 3020 1818 3104 inscriptione

3236 433 3370 499 117

1896 598 2092 662 timna
2136 551 2495 666 ramim.
2542 597 2737 667 Avo.
2812 598 2899 660 At
2933 617 3105 661 nunc
3147 598 3378 662 aarum

1895 701 2239 762 literarum
2275 696 2662 783 significatio
2695 699 3139 782 expedienda,
3201 700 3380 783 quod

1900 800 2165 884 quidem
2190 802 2642 864 Buonarrotus
2678 800 2857 862 aliud
2893 799 3147 884 agendo
3175 814 3382 864 tenta-

1900 902 1994 963 vit
2011 901 2265 985 potius,
2309 918 2501 984 quam
2527 900 2812 985 peregit.
2857 900 3160 980 (Osserv.
3195 901 3386 965 istor.

1901 1024 2049 1085 ras·
2082 1000 2259 1083 394)
2848 1067 2851 1068 f

2033 1104 2299 1164 Certum
2334 1114 2453 1177 est,
2488 1122 2597 1165 eas
2629 1101 2710 1164 ad
2738 1100 2940 1185 ipsam
2968 1102 3170 1186 partis
3205 1122 3388 1168 aver-

1908 1224 2016 1266 sae
2065 1201 2561 1284 inscriptionem
2611 1221 2741 1263 non
2776 1202 3111 1284 pertinere
3161 1223 3388 1266 neces·

1908 1304 2080 1368 sario
2102 1346 2118 1378 ,
2165 1324 2312 1366 cum
2349 1305 2414 1364 in
2445 1304 2587 1365 aliis
2615 1303 2759 1364 illas
2777 1302 3005 1364 abesse
3039 1302 3391 1366 videamus.

1910 1408 2177 1470 Certum
2211 1402 2440 1479 etiam,
2485 1405 2788 1487 quoniam
2807 1402 3133 1464 solitariae
3162 1402 3229 1463 in
3246 1403 3392 1466 aliis

1902 1499 2159 1589 ‘positae
2194 1516 2380 1578 sunt,
2428 1522 2537 1565 eas
2568 1515 2691 1586 per
2719 1522 2820 1579 se,
2877 1503 3061 1566 nullo
3109 1524 3258 1567 cum
3288 1524 3395 1569 re·

1911 1609 2088 1691 liqua
2143 1604 2502 1690 epigraphe
2544 1625 2755 1679 nexu,
2835 1624 3096 1666 sensum
3146 1605 3397 1671 facere.

1912 1707 2018 1771 Ad
2040 1719 2190 1769 eum
2225 1705 2621 1769 eliciendum
2657 1704 2908 1767 advoco
2939 1727 3205 1767 numum
3226 1727 3399 1769 anno

1913 1808 2210 1892 proxime
2265 1806 2611 1891 superiore
2673 1805 3113 1888 descriptum²
3179 1807 3247 1867 in
3292 1827 3405 1869 cu·

1914 1911 2016 1993 jus
2073 1929 2298 1971 aversa
2359 1909 2643 1992 legitur:
2701 1908 2972 1968 PRIMI.
3019 1909 3401 1970 DECENN.

1915 2012 1993 2074 P.
2030 2013 2121 2071 M.
2158 2012 2296 2070 ΤΒ.
2332 2011 2411 2074 P.
2497 2022 2624 2072 etc.
2677 2019 2871 2091 atque
2917 2007 3081 2069 haee
3140 2026 3404 2092 quoque

1919 2110 2278 2195 epigraphe
2308 2109 2480 2171 intra
2504 2110 2794 2171 lauream
2832 2120 2932 2168 est
2964 2123 3225 2170 exarata
3264 2109 3405 2170 nul-

1919 2213 1987 2273 lo
2030 2211 2159 2273 alio
2203 2224 2400 2293 typo,
2448 2225 2519 2274 ut
2561 2209 2629 2270 in
2672 2207 2885 2269 numis
2929 2208 3402 2290 praesentibus.

1925 2315 2088 2375 Sunt
2133 2331 2295 2394 ergo
2320 2311 2556 2374 literae
2599 2312 2675 2371 P.
2718 2310 2803 2371 D.
2849 2308 3167 2391 plenioris
3213 2309 3405 2390 hujus

1925 2412 2409 2497 epigrammatis
2439 2408 2778 2493 ἀρχαωσαι
2798 2453 2815 2484 ,
2853 2422 2920 2470 et
2947 2424 3256 2471 revocant
3275 2430 3411 2473 me-

1924 2514 2197 2575 moriam
2217 2517 2518 2574 votorum
2564 2516 2916 2574 Primorum
2933 2514 3408 2587 Decennalium,

1926 2634 2091 2698 quae
2140 2613 2269 2674 hoc
2336 2633 2505 2675 anno
2565 2611 2765 2673 fuisse
2827 2612 3039 2673 soluta
3100 2611 3411 2674 continuo

1913 2716 2242 2798 dicemus.
2303 2714 2592 2775 Litatum
2651 2732 2727 2774 ea
2787 2712 3130 2776 occasione
3187 2735 3224 2775 a
3281 2716 3415 2775 Ro-

1926 2816 2134 2879 manis
2189 2807 2546 2892 Laetitiae,
2606 2814 2915 2877 nimirum
2967 2812 3266 2898 obsequii
3303 2831 3415 2897 ge·

1927 2939 2092 2982 nere
2154 2937 2278 3003 per
2321 2930 2567 2980 metum
2625 2934 2974 3001 expresso,
3036 2928 3414 3000 praesentes

1932 3021 2112 3085 numi
2144 3021 2565 3104 eloquuntur.

342 3133 638 3216 utrinque
697 3132 952 3194 avulsas
1009 3127 1361 3189 solitariam
1407 3121 1573 3184 infra
1617 3119 1821 3201 ipsius
1933 3168 1936 3173 .

348 3232 686 3297 Commodi
726 3244 922 3314 caput
963 3229 1305 3291 stationem
1349 3222 1670 3285 obtinere.
1722 3220 1823 3279 Es

344 3354 447 3397 res
486 3345 764 3418 propter
806 3329 1217 3393 insolentiam
1262 3324 1426 3386 mira
1470 3339 1624 3382 sane
1663 3319 1821 3393 visa,

349 3455 484 3495 nam
553 3434 789 3496 literae
850 3429 1178 3493 solitariae
1240 3428 1307 3487 in
1364 3437 1551 3508 parte
1613 3420 1824 3482 antica

353 3538 1035 3607 monetae'Gaesareae
1061 3526 1391 3613 prioribus
1437 3523 1644 3586 tribus
1687 3538 1826 3583 sae·

353 3640 507 3701 culis
548 3642 771 3702 locum
826 3635 934 3699 vix
981 3630 1265 3703 habent,
1326 3624 1694 3706 instigavit,
1755 3634 1829 3683 ut

357 3749 575 3802 ‘omnes
619 3733 965 3802 Commodi
1023 3749 1259 3793 numos
1307 3726 1610 3790 secundis
1654 3723 1829 3787 curis

357 3838 420 3900 in
459 3859 731 3902 examen
778 3852 1102 3901 vocarem.
1148 3834 1267 3893 Ex
1299 3848 1429 3914 quo
1457 3823 1832 3912 inquirendi

363 3940 560 4004 studio
622 3959 773 4002 eum
830 3936 979 4022 cepi
1035 3934 1359 4005 fructum,
1433 3940 1507 3988 ut
1565 3939 1834 4009 praeter

362 4059 532 4116 enm,
592 4059 789 4125 quem
844 4057 996 4098 mox
1040 4031 1267 4108 citavi,
1327 4044 1466 4092 tres
1505 4028 1672 4090 alios
1731 4045 1836 4087 re-

366 4143 639 4222 perirem
682 4140 919 4201 iisdem
962 4133 1177 4197 literis
1239 4130 1475 4195 eodem
1519 4127 1690 4190 infra
1731 4146 1836 4189 ca-

367 4256 474 4323 put
508 4244 657 4307 loco
702 4251 1005 4311 onustos,
1052 4253 1279 4298 omnes
1315 4235 1364 4293 Ι.
1409 4231 1702 4304 formae,
1747 4240 1839 4290 at·

372 4360 486 4423 que
519 4360 746 4404 omnes
765 4338 915 4403 anni
949 4333 1335 4419 praesentis,
1359 4350 1651 4416 quorum
1671 4348 1839 4390 unus

369 4439 744 4526 inscriptum
789 4441 960 4503 FID.
994 4436 1308 4499 EXERC.
1355 4434 1564 4508 alter3
1629 4430 1839 4495 10V1.

375 4542 788 4612 EXSVPER.
820 4540 1085 4602 tertius:
1129 4526 1625 4601 NOBILI'I'AS.
1643 4532 1843 4600 AVG.

2653 3202 2691 3241 Ι

2487 3244 2526 3282 ἢ

2225 3311 2312 3368 Vt
2356 3309 2457 3366 lit.
2490 3307 2569 3363 D.
2608 3311 2674 3363 et
2700 3305 2787 3363 A:

1933 3408 2321 3474 PIETATI.
2352 3403 2774 3470 SENATVS.
2818 3401 2890 3463 C.
2938 3404 3016 3470 V.
3061 3405 3136 3466 P.
3181 3404 3257 3465 P.
3302 3407 3425 3464 Im·

1934 3521 2195 3591 perator
2225 3520 2481 3589 loqutus
2514 3516 2693 3566 stans
2730 3526 2783 3566 s.
2815 3508 3108 3566 volumen
3138 3523 3279 3564 cum
3312 3506 3427 3563 ad-

1942 3623 2151 3675 stante
2193 3620 2490 3672 macore
2543 3617 2758 3689 τομαῖα
2802 3629 2853 3668 s.
2903 3610 3153 3668 hastam
3170 3612 3429 3687 ⁸{intente

1941 3718 2270 3776 dexteram
2291 3711 2539 3789 Junyit.
2582 3711 2721 3770 AR.
2754 3711 2894 3773 AE.
2932 3710 2982 3768 1.

2069 3809 2240 3877 Vide
2261 3853 2277 3886 ,
2319 3829 2484 3891 quae
2502 3809 2631 3871 huc
2663 3809 3050 3892 pertinentia
3065 3806 3144 3868 ad
3160 3825 3430 3868 numum

1939 3910 2094 3974 anni
2125 3910 2458 3991 sequentis
2492 3908 2916 3993 inscriptum=
2957 3908 3279 3969 PATER.
3297 3904 3432 3965 SE-

1945 4014 2257 4091 NATVS.
2303 4010 2623 4075 dicentur.

2817 3245 2856 3282 ἃ

2668 4211 2705 4250 4

2832 4252 2871 4290 ἢ

2246 4320 2329 4379 Vt
2365 4318 2460 4378 Iit.
2492 4255 2577 4377 :1-

1952 4418 2309 4489 movn).
2341 4416 2539 4481 Ave.
2574 4416 2650 4478 r.
2678 4416 2769 4475 m.
2811 4414 2949 4473 tra.
2977 4412 3056 4473 r.
3110 4410 3231 4472 x1.
3256 4411 3436 4472 mr.
3534 4480 3540 4487 ,

1957 4524 2131 4593 VIII.
2167 4521 2357 4586 COS.
2391 4520 2473 4587 V.
2510 4521 2587 4580 P.
2621 4518 2697 4578 P.
2742 4517 2950 4579 Navis
2982 4513 3289 4591 expansis
3334 4532 3437 4574 ve·
3467 4561 3475 4569 .

383 4641 634 4709 Addidit
697 4654 994 4727 quartum
1052 4636 1366 4701 Baldinus
1421 4636 1503 4699 ad
1558 4633 1847 4703 Vsfflan-
1960 4629 2064 4690 lie.
2097 4623 2243 4699 ΔΕ.
2271 4624 2326 4686 I.
2384 4618 2650 4703 (Vsill.)
