4652 5937
1130 454 1141 477 ,
1235 343 1385 439 496

1241 540 1310 590 et
1354 520 1530 608 quod
1572 504 2028 604 consequilnr,
2088 500 2443 598 ingruente
2488 512 2723 578 eodem

1237 626 1344 688 die
1386 624 1687 704 coepisse
1726 640 1964 681 annum
2002 616 2343 680 Aureliani
2370 617 2425 676 B
2449 660 2467 693 ,
2513 630 2583 678 et
2620 638 2728 677 an·

1235 748 1394 788 num
1441 745 1591 786 cum
1635 720 2011 796 Vabalathi,
2074 733 2210 781 tum
2268 717 2599 781 Zenobiae
2647 716 2723 782 G.

1231 830 1588 889 Praeterea
1627 821 1930 906 quoniam
1978 819 2406 883 indubitatum
2441 819 2724 896 videtur,

1233 927 1590 990 Zenobiam
1625 937 1690 985 et
1709 923 2137 990 Vabalathum
2160 941 2314 984 suos
2348 923 2485 984 sive
2505 923 2722 1003 regni,

1231 1030 1373 1093 sive
1399 1026 1658 1112 imperii
1690 1045 1890 1086 annos
1926 1047 1963 1086 a
1994 1039 2204 1088 morte
2227 1023 2561 1086 Odenathi
2596 1036 2726 1084 rna-'-

1231 1128 1347 1192 riti
1387 1128 1722 1213 patrisque
1775 1139 2222 1208 computasse,
2267 1125 2407 1206 ejus
2465 1124 2723 1199 caedes,

1225 1232 1627 1315 illorumque
1660 1228 1982 1309 regnandi
2025 1225 2312 1302 initium,
2357 1247 2475 1289 seu
2522 1246 2724 1288 annus

1230 1333 1292 1395 A
1325 1329 1624 1415 figendus
1648 1329 1802 1391 inde
1832 1352 1868 1392 a
1906 1325 2012 1389 die
2044 1330 2282 1391 xxlx.
2317 1327 2599 1411 Augusti
2641 1327 2723 1393 V.

1228 1432 1301 1495 C.
1347 1451 1507 1514 totq
1537 1432 1621 1493 P.
1644 1432 1727 1492 X.
1762 1427 1886 1491 266
1915 1449 2118 1513 usqne
2153 1429 2246 1493 ad.
2267 1447 2724 1493 recurrentem

1227 1534 1511 1599 eundem
1545 1532 1718 1594 diem
1756 1531 1905 1593 anni
1946 1530 2303 1614 sequentis.

1352 1632 1555 1697 Aliud
1582 1632 1776 1694 etiam
1814 1631 1892 1691 ad
1910 1633 2246 1694 historiam
2281 1642 2722 1713 opportunum

1110 1723 1114 1728 ⁸
1228 1735 1472 1799 docent
1511 1733 1582 1793 hi
1620 1733 1824 1797 numi.
1866 1733 2104 1795 Narrat
2136 1732 2470 1808 Zosimus,
2514 1733 2727 1795 Zeno-

1229 1838 1404 1900 biam
1450 1836 1816 1922 imperante
1865 1832 2179 1910 Claudio,
2237 1846 2307 1895 et
2351 1831 2562 1897 turbis
2596 1832 2726 1898 Go-

1167 1991 1170 1995 .
1229 1939 1424 2003 thicis
1468 1937 1753 2003 distento
1797 1934 2026 1999 hostili
2090 1935 2307 1999 animo
2353 1937 2727 2020 Aegyptum

1233 2043 1630 2125 ingressam,
1694 2059 1972 2124 eamque
2029 2050 2183 2124 post
2243 2038 2454 2103 varias
2497 2041 2725 2102 Martis

1225 2144 1409 2214 tices
1444 2141 1569 2204 sibi
1604 2141 1989 2231 subjecisse.
2051 2139 2471 2203 Contrarium
2509 2140 2726 2224 potius

1231 2245 1474 2309 docent
1521 2247 1742 2324 nnmi;
1786 2266 1936 2306 nam
1995 2262 2129 2304 non
2180 2242 2381 2304 modo
2417 2242 2585 2303 nulli
2627 2262 2740 2303 ex·

1240 2359 1409 2408 stant
1458 2343 1803 2412 Vabalathi
1872 2356 1937 2407 et
1986 2343 2316 2405 Zenobiae
2363 2340 2544 2403 numi
2588 2361 2735 2404 cum

1241 2447 1426 2509 annis
1486 2443 1541 2505 B
1594 2458 1678 2508 ·et
1734 2442 1828 2522 Γ,
1905 2446 2016 2527 qui
2077 2446 2142 2505 in
2212 2441 2468 2506 Claudii
2534 2443 2742 2526 impe·

1142 2568 1147 2575 ·
1232 2552 1405 2611 rium
1474 2546 1822 2625 caderent,
1887 2548 2005 2610 sed
2053 2546 2289 2623 etiam,
2352 2545 2595 2627 ut‘jam
2639 2567 2743 2608 su-

2554 331 3015 406 FIRMVS.

2836 533 2955 598 pra
3008 510 3181 588 dixi,
3260 509 3551 574 omnium
3627 486 3945 571 annorum
4013 509 4358 573 habemns

2839 614 3095 678 Claudii
3136 632 3367 676 numos
3416 612 3484 673 in
3523 613 3823 694 Aegypto
3856 612 4201 695 signatos3
4261 632 4355 674 ex

2839 736 2969 799 quo
3005 728 3217 803 patet,
3263 735 3413 778 eum
3447 712 3540 774 ibi
3566 725 3944 776 constanter
3982 714 4362 799 imperato·

2821 812 2980 878 ‘rem
3018 816 3220 879 fuisse
3256 815 3565 899 agnitum.
3653 815 3874 906 Quare
3921 816 3981 879 si
4039 837 4208 879 vera
4241 833 4356 879 est

2837 919 3088 980 Zosimi
3167 918 3416 993 oratio,
3493 917 3881 994 dicendum,
3965 917 4348 980 Zenobiam

2839 1019 3195 1101 subjectam
3222 1019 3355 1082 ‘sihi
3371 1019 3736 1103 Aegyptum
3777 1021 4117 1103 principio
4154 1022 4352 1084 Clau-

2837 1121 2931 1183 dii
2985 1121 3250 1183 nomine
3310 1120 3827 1199 administrasse,
3873 1124 4026 1185 ‘hoc
4092 1122 4346 1187 deinde

2837 1236 3098 1286 mortuo
3145 1222 3293 1306 plus
3336 1243 3597 1298 ausam,
3640 1235 3830 1307 atque
3880 1222 4096 1286 filium
4131 1213 4346 1291 Vatia-

2837 1325 3084 1388 lathum
3147 1324 3448 1407 collegae
3513 1324 3711 1387 modo
3773 1346 3920 1389 cum
3968 1328 4343 1391 Aureliano

2838 1428 2905 1487 in
2951 1438 3216 1490 moneta
3279 1426 3727 1511 conjunxisse,
3788 1430 3884 1492 sic
3936 1442 4206 1505 tamen,
4261 1444 4342 1490 nt

2840 1532 3037 1593 etiam
3095 1541 3233 1590 tum
3288 1548 3421 1590 non
3466 1527 3852 1614 prohiberet
3906 1530 3976 1591 in
4022 1534 4335 1615 Aegypto

2838 1653 3071 1695 numos
3120 1652 3264 1694 cum
3303 1630 3448 1693 solo
3485 1630 3825 1694 Aureliani
3870 1633 4085 1717 capite
4123 1634 4338 1715 signa·

2838 1754 2949 1812 re,
2992 1734 3074 1795 ut*
3098 1747 3277 1816 patet
3326 1753 3410 1795 ex
3451 1733 3643 1816 hujus
3694 1734 3910 1796 numis
3948 1754 4101 1798 cum
4149 1739 4330 1798 annis

2844 1836 2925 1898 A.
2956 1833 3031 1897 B.
3062 1832 3141 1898 Γ.
3177 1834 3257 1898 Δ.

2964 1939 3066 1998 En
3109 1935 3357 1999 finitam
3402 1936 3742 2001 molestam
3796 1934 4322 2018 disputationem,

2841 2057 3008 2119 quse
3047 2024 3112 2098 in
3167 2037 3592 2101 enucleandis
3644 2038 3835 2102 variis
3870 2054 4175 2103 monetae
4223 2042 4329 2102 hn-

2813 2140 2940 2223 -jus
2976 2141 3404 2224 Palmyrenae
3448 2139 3659 2205 causis
3715 2152 4052 2218 versatur,
4096 2141 4328 2225 cuique

2852 2243 3337 2328 qualescunque
3400 2243 3688 2307 virorum
3756 2243 4336 2324 praestantissimo-

2852 2366 2997 2407 rum
3032 2360 3298 2410 conatus
3322 2344 3612 2409 nondum
3648 2341 4081 2409 desideratam
4113 2346 4325 2409 lucem

2854 2446 3155 2519 attulere.

2401 2824 2412 2849 ‘
2482 2853 2573 2916 M.
2664 2855 3090 2917 FIRMVS.

1322 3048 1697 3114 ·Zenobiae
1760 3047 2004 3111 amicus
2062 3067 2139 3112 ac
2184 3049 2405 3114 socius
2455 3050 2731 3114 Alexan-

1239 3152 1449 3217 driam
1490 3151 1855 3235 imperante
1906 3150 2266 3215 Aureliano
2320 3152 2558 3217 invasit
2595 3155 2731 3239 qni·

1242 3253 1427 3331 dem,
1472 3253 1588 3317 sed
1625 3251 1707 3317 ab
1750 3254 1881 3316 hoc
1928 3250 2118 3315 brevi
2162 3271 2434 3318 eversus
2472 3268 2616 3328 est,
2661 3268 2732 3318 ut

1241 3356 1455 3422 refert
1488 3355 1814 3442 Vopiscus
1843 3354 1910 3417 in
1941 3353 2081 3437 ejus
2119 3357 2374 3436 tyranni
2408 3356 2536 3423 vita
2558 3402 2576 3435 ,
2619 3358 2732 3443 qui

1158 3443 1163 3448 ’
1242 3471 1313 3524 ct
1349 3458 1564 3537 addit,
1607 3457 1687 3521 ab
1729 3476 1813 3521 eo
1852 3456 2133 3540 Augusti
2164 3459 2431 3523 nomine
2466 3459 2736 3544 percus·

1244 3581 1381 3641 sam
1409 3560 1613 3624 fuisse
1639 3572 1987 3622 monetam.
2698 3547 2708 3556 '

1369 3659 1533 3746 Ejus
1578 3682 1846 3726 numum
1873 3706 1892 3740 ,
1934 3672 2316 3748 contempto
2360 3660 2731 3739 Goltziano,

2843 3051 2972 3134 jam
3002 3051 3289 3119 indicavi
3326 3054 3394 3116 in
3413 3054 3564 3125 Vol.
3603 3058 3717 3123 IV.
3753 3077 3900 3141 pag.
3925 3045 4039 3142 M·
4076 3079 4160 3123 ex
4195 3081 4334 3124 mn-

2846 3173 2964 3224 seo
3000 3154 3545 3221 Pembrocltiano.

3129 3255 3342 3322 ATT.
3395 3255 3503 3321 M.
3538 3252 3964 3325 ‹l›1PMlcc.
4017 3257 4340 3327 &PFG--

3144 3363 3345 3439 caput
3389 3363 3766 3424 laureatum.

2847 3454 3252 3523 L.A.Mulier
3262 3466 3485 3524 sedens
3496 3467 3557 3524 d.
3576 3466 3809 3544 spicas,
3826 3485 3880 3529 s.
3894 3471 4338 3548 cornucopiam

2974 3557 3296 3655 Quantam
3349 3560 3550 3625 fidem
3607 3575 3943 3628 mereatur
4002 3559 4338 3631 cimelium

2846 3658 3055 3738 istud,
3102 3683 3319 3726 meum
3357 3684 3488 3728 non
3517 3680 3618 3730 est
3651 3666 3950 3756 definire.

2152 3965 2246 4030 Μ.
2337 3967 2867 4033 CLAVDIVS
2951 3969 3431 4038 TACJTVS.

1378 4167 1740 4234 Aureliano
1799 4145 2073 4236 circiier
2109 4165 2333 4233 medio
2373 4168 2618 4235 Har-tio
2656 4168 2741 4240 V.

1259 4271 1332 4336 C.
1394 4271 1556 4335 1028
1615 4271 2007 4349 interfecto,
2086 4290 2234 4335 cnm
2298 4271 2543 4368 milites
2594 4292 2744 4342 rara

1262 4372 1715 4439 moderatione
1772 4371 2188 4458 imperatoris
2233 4373 2569 4458 deligendi
2632 4375 2748 4442 ho·

1266 4492 1499 4536 norem
1545 4477 1794 4538 senatui
1850 4467 2347 4559 permitterent,
2398 4489 2592 4560 atque
2637 4476 2747 4540 hio

1269 4594 1531 4668 rursum
1578 4576 1926 4668 militibus,
1985 4575 2260 4657 factum,
2317 4590 2392 4644 ut
2430 4598 2555 4663 per
2583 4575 2747 4642 'ami-

2855 4188 2997 4234 cam
3042 4172 3210 4238 hanc
3264 4171 3761 4239 altercationem
3816 4192 3936 4238 sex
4010 4177 4344 4243 mensibus

2853 4272 3201 4357 imperium
3243 4273 3455 4359 capite
3489 4290 3766 4340 careret.
3852 4277 4149 4368 Tandem
4197 4279 4342 4361 ejus

2857 4376 3010 4438 anni
3063 4375 3176 4438 ‘t'lie
3224 4376 3429 4446 XXV.
3470 4378 3881 4465 Septembris
3923 4381 4174 4444 electus
4216 4384 4342 4447 'ra-

2858 4478 3024 4541 citus
3081 4479 3185 4543 vir
3239 4480 3632 4559 consularis,
3709 4481 3944 4547 aetatis
4001 4483 4130 4565 jam
4188 4505 4346 4566 pro-

2860 4594 3119 4659 vectae,
3181 4593 3249 4645 et
3309 4601 3565 4647 morum
3620 4584 3998 4670 integritate
4044 4587 4342 4664 eximios,
