4652 5937
793 5872 966 5887 r-—rssff
991 5886 998 5887 s

1239 600 1562 686 insignem
1603 596 1919 659 maximae
1955 593 2207 657 formae
2260 594 2467 658 musei
2504 594 2735 658 Caesa·

1243 706 1344 768 rei
1367 749 1384 778 ,
1430 722 1624 786 quem
1654 696 1821 759 infra
1857 697 2057 770 dabo,
2103 697 2172 757 in
2205 697 2509 780 catalogo
2557 720 2593 759 a
2629 717 2734 758 me

1244 807 1512 888 vulgato
1541 799 1789 863 fraudis
1823 799 2193 881 suspicione
2232 819 2602 862 onerarem.
2651 802 2737 860 At

1244 918 1591 989 postquam
1643 902 1852 963 altero
1896 898 2194 960 examine
2253 918 2401 959 eum
2441 919 2585 959 esse
2626 899 2739 959 bo·

1189 1063 1194 1071 s
1247 1029 1402 1069 num
1430 1020 1623 1088 atque
1658 1002 2069 1064 innocentem
2110 999 2442 1081 comperi,
2487 1014 2554 1061 et
2592 1001 2740 1060 sub·

1249 1110 1402 1171 inde
1462 1105 1791 1179 viderem,
1871 1101 2069 1164 alium
2129 1100 2512 1183 inscriptum
2564 1102 2739 1182 1³19.

1251 1211 1428 1271 IMP.
1486 1221 1612 1269 etc.
1660 1195 1854 1287 quem
1905 1222 2063 1262 mox
2109 1202 2511 1284 producam,
2591 1223 2738 1264 cum

1241 1312 1482 1377 iisdem
1543 1306 1716 1369 notis
1779 1302 2302 1386 chronologicis,
2380 1318 2444 1365 et
2509 1301 2740 1364 eadem

1250 1413 1478 1496 capitis
1545 1403 1905 1491 epigraphe
1952 1419 2208 1465 exstare
2254 1405 2321 1465 in
2365 1424 2592 1465 museo
2639 1403 2745 1463 Pi-

1250 1532 1446 1585 sano,
1511 1507 1946 1569 absolvendus
1981 1503 2207 1588 utique
2240 1523 2477 1565 numus
2501 1548 2518 1579 ,
2558 1518 2627 1565 at
2666 1502 2749 1563 si-

1247 1613 1390 1675 mul
1437 1625 1678 1672 novum
1727 1607 2042 1668 habemus
2080 1606 2455 1687 exemplum
2499 1606 2744 1666 veteris

1251 1714 1455 1775 moris
1528 1728 1652 1793 per
1713 1706 2057 1769 Commodi
2128 1705 2481 1789 imperium
2551 1706 2745 1789 plane

1251 1813 1537 1878 confusi.

1964 1909 2006 1948 «s

1802 1952 1840 1991 fi

1547 2015 1628 2071 Vt
1670 2013 1771 2072 lit.
1805 2015 1886 2072 A.
1931 2022 1995 2072 el
2029 2015 2102 2071 B.

1249 2112 1514 2178 APOL.
1552 2111 1892 2173 ΜΟΝΕΤ..
1939 2117 2056 2172 sed
2082 2116 2152 2173 in
2184 2115 2443 2174 aeneis.-
2487 2108 2746 2174 APOL.

1253 2214 1709 2278 MONETAE.
1752 2215 1825 2277 P.
1847 2215 1940 2272 M.
1971 2217 2106 2275 TR.
2144 2214 2378 2279 RXV.
2426 2211 2746 2278 cOS.V1.

1251 2320 1487 2391 Apollo
1535 2318 1748 2376 nudas.
1792 2326 1973 2377 stans
2022 2320 2082 2375 d.
2120 2319 2324 2394 capiti
2370 2320 2650 2388 admota,
2695 2335 2746 2374 s.

1247 2420 1587 2480 columnae
1619 2419 1908 2478 innixas.
1969 2416 2105 2476 AR.
2145 2406 2280 2478 ΑΕ.
2312 2416 2392 2477 11.

1385 2500 1700 2579 Iunonem
1724 2520 2045 2578 Monetam
2065 2538 2207 2578 cum
2252 2535 2336 2576 ex
2361 2515 2574 2576 numis
2596 2535 2751 2599 gen·

1246 2620 1337 2681 tis
1391 2619 1718 2694 Carisiae,
1799 2632 1934 2680 tum
1993 2630 2291 2679 veterum
2338 2615 2749 2691 testimoniis,

1248 2737 1449 2804 atque
1516 2721 1707 2782 etiam
1778 2718 1919 2801 ejus
1975 2717 2430 2801 appellationis
2489 2737 2747 2778 causam

1251 2839 1587 2904 tenemus,
1651 2840 1783 2881 non
1845 2818 2000 2898 item
2051 2821 2379 2897 Apollinis
2429 2822 2745 2891 Monetae,

2179 1953 2220 1992 θ’

1191 2961 1195 2966 ’
1257 2945 1389 3009 quo
1422 2923 1685 2984 nomine
1719 2920 2092 3002 Apollinem
2127 2919 2286 2995 soli,
2336 2899 2515 3003 quod
2544 2919 2744 2980 sciam

1260 3022 1599 3086 Commodi
1666 3021 1882 3090 numi,
1944 3039 2024 3080 ex
2062 3040 2252 3081 causa
2297 3020 2457 3081 mihi
2503 3019 2747 3080 incom-

1257 3136 1444 3211 perta
1464 3119 1926 3182 discriminant.
1978 3121 2110 3182 Sed
2141 3141 2357 3203 neque
2392 3120 2577 3182 lubet
2603 3121 2749 3181 vela

1253 3222 1656 3303 ,conjecturis
1702 3223 2028 3306 pandere3
2074 3244 2221 3284 nam
2267 3222 2546 3303 vidi-mus
2594 3222 2750 3283 liuc-

1257 3343 1466 3408 usque
1511 3325 1771 3385 nomina
1799 3323 1945 3391 ,diis
1993 3323 2274 3397 tributa,
2354 3342 2520 3405 quae
2560 3322 2750 3382 unius

1263 3425 1608 3491 Commodi
1645 3425 1990 3488 cerebrum
2050 3424 2423 3508 generavit,
2470 3439 2626 3487 noto
2659 3426 2754 3485 ni-

1261 3530 1500 3591 mirum
1552 3526 1693 3608 ejus
1727 3526 2029 3608 ingenio,
2098 3525 2248 3609 qui,
2311 3540 2383 3587 ut
2420 3526 2506 3586 ait
2563 3527 2754 3588 Lam-

1255 3629 1512 3713 pridius
1547 3629 1638 3708 ⁸),
1693 3628 1767 3687 in
1810 3628 2010 3690 sacris
2069 3646 2151 3687 ex
2194 3624 2469 3690 libidine
2513 3627 2751 3707 potius,

1259 3752 1451 3814 quam
1491 3729 1816 3813 religione
1863 3728 2130 3791 addidit.
2206 3726 2505 3789 Eundem
2557 3729 2755 3811 Apol-

1256 3832 1462 3894 linem
1507 3834 1838 3892 Monetam
1900 3832 2050 3891 anni
2113 3848 2374 3913 quoque
2421 3830 2751 3915 sequentis

1257 3932 1443 3996 numi
1476 3932 1541 3993 in
1579 3950 1731 3994 aere
1752 3934 1801 3992 1.
1834 3930 2085 3993 formae
2118 3929 2372 3993 sistunt.

1826 4031 2196 4121 *μ’*

1543 4120 1640 4195 ’γε
1679 4138 1778 4200 ut.
1807 4140 1878 4197 fc.
1923 4146 2004 4198 et.
2029 4138 2105 4195 Β.

1260 4233 1461 4300 COL.
1511 4237 1589 4296 L.
1642 4236 1782 4299 AN.
1822 4234 2032 4298 COM.
2074 4236 2153 4297 P.
2183 4238 2272 4325 Μ.
2330 4238 2470 4298 TR.
2504 4238 2579 4297 P.
2606 4236 2748 4304 XV.

1263 4340 1444 4400 ΙΜΡ.
1494 4338 1662 4403 v111.
1727 4336 1919 4400 COS.
1952 4338 2061 4403 Vl.
2124 4336 2192 4398 S.
2231 4336 2310 4398 C.
2382 4340 2749 4403 Commodus

1211 434 1402 499 4st2
2446 389 3136 484 COMMODVs

2851 598 3098 658 velatus
3132 598 3328 658 bobus
3349 595 3604 672 junctis
3635 602 3945 655 aratrum
3982 590 4204 651 ducit.
4265 588 4389 648 AB.

2852 698 2901 758 1.
2937 698 3021 758 il.
3087 699 3265 774 (Mus
3321 697 3539 772 Caes.)

2976 798 3175 859 Numi
3229 797 3419 877 hujus
3452 818 3742 858 aversam
3786 795 3930 875 jam
4000 790 4150 851 rite
4200 789 4399 870 expli-

2854 919 3053 960 cuere
3095 899 3393 973 Patinus,
3440 898 3701 981 aliique.
3783 900 4063 958 Narrat
4098 890 4399 973 Lampri-

2857 1000 3002 1061 dius
3033 999 3136 1078 b),
3198 1018 3279 1060 eo
3326 997 3693 1081 dementiae
3735 1009 4176 1081 provectum
4216 994 4401 1054 Com·

2856 1101 3222 1163 modum-ut-
3254 1100 3484 1161 urbem
3519 1103 3789 1160 Romam
3815 1102 4200 1161 Coloniam
4237 1097 4405 1156 Com-

2856 1207 3225 1265 modianam
3261 1202 3481 1263 vocari
3520 1201 3838 1275 voluerit,
3884 1199 4025 1284 qni
4076 1199 4285 1258 furor
4316 1194 4405 1254 di·

2857 1305 3028 1366 citui·
3070 1304 3133 1364 ei
3174 1303 3348 1364 inter
3400 1302 3824 1364 delinimenta
3857 1299 4203 1362 Marciae
4252 1314 4403 1357 suae

2855 1404 3155 1486 injectus.
3223 1404 3455 1477 Addit,
3491 1426 3634 1488 quo
3685 1400 4160 1486 tempore-ad
4228 1417 4407 1457 sena·

2860 1518 2998 1565 tum
3053 1506 3281 1567 retulit
3359 1505 3441 1567 de
3504 1506 3985 1569 Commodiana
4087 1497 4401 1562 facienda

2859 1607 3104 1680 Roma,
3153 1626 3281 1667 non
3320 1608 3533 1668 solum
3578 1621 3870 1669 senatum
3916 1603 4132 1666 istud
4192 1600 4406 1662 liben-

2858 1719 2965 1768 ter
3003 1709 3547 1790 accepisse‚·sed-
3582 1708 3777 1770 etiam
3809 1727 3881 1768 se
3928 1708 4185 1790 ipsum
4229 1707 4402 1765 Com-

2858 1812 3228 1870 modianam
3252 1810 3605 1872 vocavisse.
3669 1812 3769 1869 En
3799 1823 4175 1891 stuporem
4202 1805 4402 1866 etiam

2863 1923 3122 1971 senatus
3152 1912 3451 1972 consulto
3486 1911 3803 1972 munitum
3828 1955 3845 1986 ,
3904 1907 4113 1994 quod
4155 1919 4399 1969 testan-

2860 2007 2972 2071 tur
3003 2032 3264 2095 quoque
3281 2012 3457 2072 numi
3489 2003 3868 2093 praesentes
3890 2025 4192 2074 senatus
4211 2008 4398 2089 jussu

2864 2104 3118 2195 signati.
3170 2113 3379 2207 Quam
3430 2113 3606 2174 istud
3658 2114 4107 2195 pertinaciter
4147 2130 4394 2174 coucu-

2863 2214 3140 2299 pivenit,
3201 2214 3477 2295 amplius
3527 2212 3825 2276 declarat
3865 2217 4000 2277 Dio
4059 2215 4159 2294 θ).
4225 2214 4391 2272 Nam

2864 2316 3146 2398 jussum,
3205 2315 3330 2389 ait,
3389 2312 3592 2377 fuisse
3640 2317 4014 2400 populum,
4088 2320 4387 2378 Romam

2866 2417 3069 2499 ipsam
3103 2420 3651 2493 Commodianam,
3715 2419 4161 2480 etexercitus
4215 2420 4390 2477 Com·

2866 2522 3202 2580 modianos
3258 2518 3591 2602 appellare
3635 2552 3751 2566 ---
3796 2533 3931 2579 tum
3990 2523 4294 2581 Romam
4347 2535 4381 2575 a

2869 2639 2939 2679 se
2984 2622 3363 2694 Aeternam,
3425 2623 3696 2682 Felicem
3717 2665 3734 2693 ‚
3798 2624 4139 2683 Coloniam
4201 2617 4384 2681 orbis

2864 2733 3188 2781 terrarum
3232 2720 3507 2800 dictam}
3557 2721 3843 2783 voluisse
3869 2720 4045 2782 enim
4068 2721 4378 2790 omnino,

2862 2822 3095 2882 urbem
3160 2843 3339 2883 suam
3400 2843 3546 2884 esse
3611 2824 3934 2886 coloniam
3974 2822 4235 2884 videri.
4297 2823 4379 2879 At

2862 2924 3035 2986 enim
3099 2945 3325 3006 parum
3398 2924 3663 2999 aberat,
3742 2926 3895 3009 quin
3976 2947 4155 2988 not-a
4209 2923 4374 2984 haec

2862 3027 3121 3090 colonia
3155 3026 3233 3086 ab
3266 3047 3346 3089 eo
3383 3027 3526 3112 ipso
3563 3039 4013 3104 everteretur,
4066 3028 4187 3111 qui
4227 3042 4372 3085 eam

2866 3124 3154 3188 deduxit.
3215 3130 3381 3189 Nam
3448 3128 3845 3191 incendisset
3920 3128 4160 3190 urbem
4189 3172 4209 3202 ,
4285 3126 4372 3185 ait

2867 3228 2996 3290 alio
3033 3229 3180 3291 loco
3198 3228 3611 3312 Lampridius
3645 3226 3707 3308 d)
3730 3273 3745 3301 ‚
3783 3244 4012 3312 utpote
4034 3228 4373 3294 coloniam

2869 3351 3044 3391 suam
3071 3374 3088 3405 ,
3132 3330 3255 3391 nisi
3282 3331 3652 3413 prohibitus
3688 3355 3720 3393 a
3762 3335 3968 3394 Laeto
4003 3333 4273 3395 suisset.

2999 3436 3254 3515 Typus‚
3288 3453 3528 3516 nempe
3571 3433 3877 3496 sacerdos
3898 3435 4147 3497 velatus
4178 3435 4370 3518 junc-

2868 3531 2951 3592 tis
2991 3530 3198 3602 bobus
3238 3555 3424 3596 arans
3448 3580 3465 3609 ,
3513 3534 3788 3617 egregie
3835 3536 4237 3618 scriptorum
4276 3548 4367 3594 te·

2870 3633 3170 3694 stimonia
3227 3635 3534 3715 1·ohorat;
3590 3657 3737 3697 nam
3785 3635 3839 3696 is
3881 3635 4113 3701 obvius
4158 3650 4260 3699 est
4303 3634 4362 3694 in

2867 3734 3083 3795 numis
3133 3734 3391 3797 urbium
3417 3781 3432 3810 ‚
3498 3760 3663 3823 quae
3695 3740 4008 3803 Coloniae
4042 3738 4359 3801 deductae

2869 3849 3037 3897 sunt.
3085 3836 3298 3919 Atque
3336 3837 3417 3901 ad
3465 3859 3779 3902 vesanum
3809 3839 3982 3904 istud
4016 3836 4358 3915 Commodi

2866 3936 3229 3999 institutum
3252 3941 3576 4022 pertinet,
3623 3942 3799 4025 quod
3831 3942 4146 4025 perhibet
4177 3941 4352 4002 idem

2866 4037 2999 4099 Dio
3032 4040 3087 4118 e)
3109 4084 3126 4114 ,
3202 4045 3267 4102 ei
3306 4053 3588 4105 statuam
3637 4064 3902 4105 auream
3942 4047 4121 4106 mille
4166 4047 4357 4105 libra-

2866 4161 3008 4201 rum
3055 4161 3198 4204 cam
3248 4153 3436 4243 (aare
3488 4156 3552 4207 et
3582 4165 3781 4206 vacca
3816 4148 4029 4224 fuisse
4055 4151 4353 4225 positam,

2844 4242 3172 4305 ‘nimirum
3247 4246 3429 4307 velut
3480 4246 3779 4308 coloniae
3821 4246 4169 4308 conditori.
4244 4245 4354 4312 vi-

2865 4342 2985 4419 de,
3033 4365 3198 4429 quae
3243 4343 3325 4408 de
3379 4366 3565 4410 sacro
3625 4348 3753 4411 hoe
3804 4348 4103 4412 coloniae
4157 4348 4353 4410 dedu·

1373 4586 1435 4655 a)
1476 4581 1537 4636 in
1561 4578 1871 4638 Commod.
1909 4599 2040 4657 cap.
2076 4581 2161 4643 16.
2376 4581 2451 4652 h)
2496 4584 2553 4639 in
2580 4584 2896 4643 Commod.
2929 4610 3058 4667 cap.
3094 4602 3146 4655 8.
3358 4598 3428 4665 c)
3470 4593 3531 4649 L.
3566 4593 3799 4659 LXXII,
3845 4601 3988 4671 945.
4184 4595 4260 4666 d.)
4302 4597 4358 4653 in

1257 4669 1591 4757 Commodo
1611 4688 1763 4746 «zap.
1792 4679 1881 4734 15.
1923 4670 1926 4673 ’
2034 4671 2093 4739 e)
2131 4669 2168 4726 l.
2206 4690 2256 4728 c.
