4652 5937
1118 402 1127 409 ’
1167 430 1332 514 εεσ

2290 413 3124 493 ΕΈΑΕΑΒΑἙὛΞ.

1165 612 1323 703 quas
1385 610 1499 696 qui
1566 606 1900 693 applicare
1960 584 2288 679 voluerit,
2335 602 2474 667 -vix
2541 618 2659 663 un-
2771 601 2837 664 in
2883 596 3217 662 tribunatu
3247 595 3348 665 Ὗ.
3409 592 3640 658 consul
3687 593 3801 660 IV.
3893 588 4027 687 Qui
4076 589 4267 656 numi

1087 705 1090 709 ’
1166 735 1360 800 quam
1392 713 1459 773 in
1488 709 1768 774 ferendo
1799 707 2048 792 judicio
2085 705 2488 789 peccaverit.

1290 816 1339 876 1.
1388 803 1551 877 Cum
1587 823 1780 894 caput
1804 807 2124 892 prolixius
2152 805 2492 867 barbatum
2530 815 2653 879 est,

1158 930 1272 982 aut
1314 913 1755 1000 provectioris
1808 911 2081 984 aetatis,
2135 905 2496 989 Elagabalo
2539 922 2655 965 ne-

1160 1017 1302 1103 quit
1343 1013 1736 1088 convenire,
1782 1012 1894 1094 qui
1938 1030 2141 1071 annos
2182 1008 2420 1075 XVIII.
2462 1018 2652 1067 natus

1150 1116 1376 1203 periit.
1434 1114 1679 1176 ·Barba
1739 1110 2131 1194 promissior
2192 1110 2261 1170 in
2314 1105 2651 1169 Caracalla

1154 1218 1334 1293 circa
1378 1217 1535 1281 trib.
1578 1225 1971 1298 potestatem
2017 1212 2102 1275 X.
2140 1207 2408 1291 incipit,
2456 1218 2524 1267 et
2565 1204 2651 1267 si·

1152 1320 1293 1383 mul
1346 1330 1525 1383 certa
1547 1360 1565 1391 ‚
1597 1330 1680 1377 *et
1713 1313 2075 1378 constantia
2123 1311 2256 1373 oris
2291 1309 2651 1375 lineamen-

1150 1433 1239 1484 ta.
1326 1418 1723 1502 Elagabalus
1769 1415 2029 1477 nonnisi
2057 1426 2394 1496 postremo
2441 1409 2648 1491 impe-

1151 1520 1237 1582 rti
1283 1541 1454 1584 anno
1510 1518 1804 1592 barbam,
1880 1512 2155 1597 eamque
2224 1525 2489 1575 tenuem
2541 1530 2651 1591 ap-

1150 1621 1404 1783 peniillf·
1466 1715 1960 1801 Appellationes
2062 1714 2324 1775 PART.
2433 1713 2647 1774 MAx.

1161 1838 1271 1887 aut
1317 1821 1549 1882 BRI'I'.
1597 1830 1706 1880 aut
1762 1815 2036 1877 GERM.
2093 1813 2218 1875 soli
2272 1814 2647 1875 Can-acellae

1154 1922 1512 1987 convenire
1547 1894 1857 2000 possunt,
1905 1928 1974 1978 ut
2004 1912 2197 1975 docet
2228 1914 2522 1977 historia.

1279 2026 1393 2084 111.
1436 2020 1686 2082 Eadem
1720 2016 1991 2079 historia
2019 2034 2141 2097 pro
2170 2016 2392 2076 multis
2423 2015 2651 2077 discri-

1152 2143 1312 2187 men·
1340 2116 1537 2185 facile
1586 2117 1975 2202 suppeditat.
2069 2116 2177 2178 Sic
2228 2136 2377 2178 cum
2427 2116 2646 2199 legesz

1162 2229 1453 2288 Victoria
1486 2224 1821 2294 Parthica,
1866 2219 2015 2288 veh
2060 2220 2227 2281 Ludi
2259 2220 2644 2292 saeculares,

1150 2326 1301 2392 vel:
1332 2320 1568 2387 ‘Arcus
1628 2326 1845 2401 Aaecyy.
1894 2333 2020 2381 etc.
2086 2319 2460 2380 Caracallae
2509 2338 2650 2380 mo-

1150 2440 1371 2489 netam
1410 2422 1749 2506 intellige,
1812 2434 1879 2483 et
1922 2421 2017 2482 sic
2066 2414 2388 2502 ἁναλοτγως
2422 2438 2647 2482 mone-

1054 2574 1063 2582 .
1152 2540 1284 2589 tam
1320 2524 1690 2608 Elagabali.

1098 2630 1104 2637 ’
1277 2630 1388 2697 IV.
1435 2629 1646 2710 Caput
1682 2623 1966 2699 nudum,
2010 2636 2120 2687 aut
2153 2622 2368 2684 solum
2403 2639 2646 2683 nomen

1154 2733 1389 2792 Caesar
1423 2728 1566 2790 sine
1586 2725 1919 2789 mentione
1940 2727 2221 2803 Amyn-sti
2241 2767 2258 2798 ‚
2305 2732 2405 2783 est
2440 2722 2644 2782 solius

1152 2829 1548 2894 Caracallae.
1647 2824 2042 2907 Elagabalus
2109 2822 2302 2883 simul
2372 2822 2642 2897 Caesar,

1153 2929 1345 2992 simul
1381 2930 1715 3011 Augustus
1749 2925 1894 2987 fuit.
1985 2927 2089 2987 Ex
2132 2921 2363 2986 eadem
2412 2921 2642 3004 regula

1153 3030 1527 3093 caracallae
1584 3027 1838 3111 proprii
1887 3023 2161 3108 putandi
2196 3023 2380 3086 numi
2413 3022 2644 3108 inscrif

1056 3172 1083 3185 -
1150 3130 1282 3215 pti:
1330 3133 1635 3209 Pir-inceps
1668 3122 2044 3191 Iuventati&
2632 3111 2636 3116 ⁶

1278 3229 1357 3299 V.
1403 3230 1567 3292 Cum
1604 3229 1847 3312 legeris
1868 3227 2226 3293 PONTIF.
2246 3226 2387 3290 sine
2407 3229 2643 3304 MAX„

1148 3333 1272 3394 hos
1307 3350 1538 3393 omnes
1567 3331 1940 3395 caracallae
1970 3330 2208 3393 tribue.
2270 3332 2436 3392 Nam
2489 3351 2640 3394 cum

1152 3434 1283 3495 duo
1330 3422 1738 3495 simulet-ant
1770 3432 2084 3517 Augusti,
2131 3433 2283 3515 lege
2316 3450 2523 3514 usque
2558 3429 2641 3493 ad

1106 3589 1107 3592 ,
1148 3532 1500 3595 Balbinum
1535 3548 1601 3596 et
1636 3534 2003 3616 Pupienum
2040 3545 2378 3595 constante
2410 3532 2466 3591 is
2504 3543 2640 3592 tan·

1146 3647 1286 3696 tum
1337 3647 1476 3694 erat
1528 3633 1826 3716 pontifex
1872 3632 2227 3709 maximus,
2270 3631 2387 3716 qui
2432 3633 2641 3716 digni·

1147 3748 1280 3797 tate
1338 3733 1735 3817 praestabat.
1810 3719 2113 3797 ¹Exstant:
2175 3748 2396 3796 tamen
2454 3735 2638 3796 numi

1148 3836 1527 3899 Caracallae
1571 3834 1724 3898 vivo
1793 3834 2004 3897 adhuc
2060 3835 2309 3898 Severo
2365 3834 2633 3920 signati,

1143 3937 1213 3999 in
1254 3935 1490 4020 quibus
1549 3936 1606 3995 is
1653 3938 1730 3996 P.
1794 3939 2007 3998 MAX.
2068 3934 2343 4012 dicitur,
2407 3957 2634 4001 verum

1144 4037 1260 4098 bas
1310 4056 1508 4101 voces
1550 4056 1683 4098 non
1732 4036 2089 4121 explendas
2145 4041 2451 4119 Pontifex
2495 4044 2636 4102 Ma·

1145 4139 1397 4211 mimus,
1444 4135 1562 4198 sed
1594 4142 1930 4202 Parthicus
1966 4142 2295 4202 Maximus
2317 4184 2336 4217 ,
2370 4137 2522 4201 -dixi
2567 4141 2635 4204 in

1141 4238 1357 4301 numia
1394 4239 1765 4301 caracallae
1803 4239 1885 4302 ad
1922 4260 2161 4302 annum
2189 4242 2269 4306 V.
2293 4241 2366 4303 C.
2402 4241 2549 4323 955.

1150 4375 1153 4378 >
1267 4337 1382 4402 VI.
1433 4338 1503 4399 Si
1554 4339 1624 4399 in
1670 4360 1869 4401 numo
1925 4338 2077 4401 trib.
2128 4354 2418 4423 potestas
2483 4364 2632 4406 cum

1148 4437 1492 4501 consulatu
1555 4437 2008 4522 conjungitur,
2089 4443 2299 4504 omnis
2377 4445 2635 4507 tollitur

1148 4537 1557 4619 ambiguitas.
1650 4538 1981 4602 Caracalla
2018 4543 2276 4626 nonnisi
2323 4546 2389 4604 in
2433 4544 2635 4606 tribu·

1148 4648 1303 4699 natu
1323 4637 1408 4706 V.
1429 4635 1562 4701 -fuit
1587 4640 1814 4703 consul
1849 4639 1899 4701 1.
1921 4683 1939 4719 ,
1985 4656 2211 4707 contra
2237 4645 2633 4730 Elagabalus

2771 701 2924 765 trib.
2963 711 3354 784 potestatem
3392 696 3476 765 V.
3527 693 3896 769 excedunt,
3943 707 4093 757 sunt
4144 694 4267 758 Ca-

2769 802 3090 881 racalla03
3133 819 3284 868 nam
3325 800 3392 862 in
3425 797 3652 885 quinta
3697 815 3928 860 caesus
3977 807 4081 863 est
4107 793 4265 861 Ela-

2770 903 3065 987 gabalus.

2891 1005 3035 1074 VII.
3081 1000 3316 1077 Numi,
3358 1000 3427 1066 in
3470 1020 3749 1085 quorum
3802 1019 4033 1081 aversa
4084 1016 4266 1064 com·

2765 1119 2956 1192 paret
2999 1119 3287 1177 astrum.
3326 1115 3478 1167 suut
3523 1101 3887 1186 Elagabali.
3973 1103 4140 1172 Nam
4187 1101 4263 1166 in

2764 1207 2963 1273 certis
3013 1206 3429 1291 caracallae,
3473 1215 3584 1265 aut
3644 1202 3760 1286 qui
3799 1225 3927 1266 una
3976 1225 4127 1268 cum
4173 1222 4264 1271 eo

2764 1309 3201 1396 principatum
3254 1321 3569 1381 tenuere,
3617 1305 3886 1382 severi,
3932 1309 4259 1384 Demuae,

2762 1411 3151 1485 Plautillae,
3248 1409 3497 1483 Getae,
3575 1427 3904 1490 nunquam
3981 1408 4260 1484 visitur,

2765 1511 3142 1595 saepissime
3182 1509 3249 1570 in
3286 1507 3501 1573 nuruis
3544 1508 3926 1591 Elagabali,
3972 1508 4092 1570 sed
4121 1518 4260 1575 non

2763 1626 2912 1679 ante
2959 1611 3369 1673 consulatum
3428 1611 3573 1687 111.,
3617 1610 3774 1694 quin
3829 1622 3898 1672 et
3952 1608 4095 1690 ejus
4145 1630 4261 1693 gy-

2763 1714 3015 1776 naecei.
3077 1714 3381 1787 Constat,
3429 1712 3768 1785 eo‘notari
3820 1711 4048 1772 Solem
4099 1711 4256 1774 Ela-

2765 1813 3067 1896 gabalum
3106 1813 3488 1895 imperatori
3521 1812 4011 1896 cognominem.
4067 1844 4079 1855 =

2891 1914 3063 1981 Vnt.
3110 1915 3271 1975 Cum
3313 1911 3516 1976 facies
3549 1933 3820 1994 prorsus
3837 1912 4112 1996 puerilis
4131 1927 4263 1992 est,
4327 1946 4338 1953 ·

2765 2012 2944 2075 baud
2984 2013 3181 2075 dubie
3219 2014 3346 2074 erit
3383 2016 3776 2085 caracallae.
3854 2016 3982 2077 Hic
4018 2013 4260 2077 decen·

2764 2113 2866 2174 nis
2909 2136 2947 2175 a
2976 2128 3161 2197 patre
3197 2115 3411 2177 dictus
3453 2130 3554 2177 est
3601 2117 3973 2199 Augustus,
4018 2115 4257 2202 Elaga-

2760 2213 2948 2276 balus
2980 2236 3182 2278 annos
3221 2232 3408 2280 natus
3452 2217 3598 2280 fere
3632 2219 3804 2285 XIV.
3889 2217 4021 2285 Vbi
4071 2219 4257 2283 numi

2762 2314 2994 2379 ordine
3034 2316 3510 2401 chronologico
3535 2318 3833 2402 dispositi
3854 2334 4036 2395 sunt,
4081 2335 4255 2385 aeta-

2758 2415 2843 2479 tis
2902 2437 3296 2501 progressus
3341 2419 3411 2482 in
3454 2433 3755 2505 utroque
3785 2423 4085 2504 Augusto
4119 2443 4254 2486 ma·

2762 2517 3002 2580 nifeste
3039 2534 3328 2603 apparet.

2823 2676 2828 2683 .
2888 2620 3000 2683 1x.
3048 2606 3230 2683 Cum³
3259 2622 3325 2683 in
3361 2621 3789 2705 inscriptione
3834 2644 4102 2688 aversae
4142 2645 4251 2690 oc·

2761 2720 2967 2782 currit
3019 2722 3323 2799 AVGG.‚
3388 2724 3786 2788 caracallam
3848 2726 4010 2789 item
4056 2728 4254 2791 intel·

2756 2818 2931 2903 lige;
2993 2820 3148 2884 illo‘
3177 2823 3352 2886 enim
3400 2823 3532 2888 duo
3581 2827 3860 2911 Augusti
3915 2842 4248 2891 notantur.

2760 2923 3092 2988 Caracalla
3142 2939 3397 3008 partem
3452 2927 3716 3012 imperii
3756 2947 3904 2991 cum
3955 2930 4243 3009 Severo,

2755 3037 3008 3107 partem
3044 3047 3193 3089 cum
3227 3026 3392 3090 Geta
3432 3029 3639 3091 fratre
3682 3032 3921 3113 exegit.
4010 3032 4247 3115 Elaga-

2755 3123 2943 3188 balus
3020 3127 3276 3219 socium
3349 3128 3612 3214 imperii
3684 3133 4052 3222 Augustum
4111 3154 4248 3196 non

2754 3228 3005 3294 habuit.
3111 3229 3112 3234 ἵ
4123 3307 4134 3312 ,

2881 3331 2964 3395 X.
3006 3331 3487 3419 Adutrumque
3520 3333 4026 3397 discernendum
4042 3337 4249 3420 pluri·

2754 3454 2932 3496 mum
2971 3433 3319 3498 conferunt
3338 3437 3803 3520 inscriptiones
3835 3434 4084 3521 capitis.
4127 3441 4249 3503 Et·

2755 3532 2812 3595 si
2855 3534 3118 3619 utrique
3177 3539 3545 3601 communia
3602 3539 3868 3601 nomina
3918 3538 4110 3602 fuere
4152 3545 4247 3608 M.

2754 3639 3010 3698 Aurelii
3054 3641 3408 3715 Antonini,
3452 3654 3671 3702 tamen
3707 3640 3846 3704 sive
3893 3639 3963 3701 in
4005 3639 4245 3705 horum

2753 3734 2989 3811 modo,
3036 3736 3176 3800 sive
3218 3740 3531 3802 addendis
3582 3741 3726 3804 aliis
3764 3740 3967 3802 titulis
4011 3742 4100 3803 ita
4136 3762 4245 3806 va-

2751 3838 3025 3915 riatum,
3068 3854 3143 3902 ut
3171 3841 3488 3905 hactenus
3529 3841 3786 3904 unicam
3827 3854 4073 3904 tantum
4106 3864 4241 3906 am·

2748 3939 2961 4003 bobus
3009 3960 3422 4004 communem
3482 3941 3887 4026 epigraphen
3934 3942 4245 4007 observa·

2748 4040 2998 4118 verim,
3057 4061 3331 4127 nempe:
3408 4043 3940 4112 ANTONINVS.
4019 4044 4240 4112 P1V8.

2750 4142 2946 4205 FEL.
2993 4143 3228 4221 AVG„
3290 4158 3490 4228 atque
3539 4146 3706 4208 banc
3756 4146 3971 4207 rarius
4006 4144 4075 4206 in
4126 4146 4245 4209 Ca·

2749 4244 3024 4319 racalla,
3106 4256 3172 4305 et
3231 4265 3463 4327 quem,
3542 4268 3673 4330 quo
3747 4260 4050 4331 tempore
4117 4247 4241 4313 hae

2703 4381 2706 4388 -
2751 4365 2905 4420 usus
2959 4359 3098 4426 est,
3141 4347 3459 4427 promissa
3511 4346 3711 4414 barba
3755 4348 3886 4431 jam
3935 4349 4090 4410 satis
4138 4348 4241 4411 di·

2749 4446 3104 4508 scriminat.
3193 4447 3416 4541 Quare
3458 4448 3645 4512 nullo
3671 4450 4237 4531 negotiosutriu·

2749 4546 2834 4608 sit
2879 4567 3152 4625 numus,
3212 4549 3542 4631 repet-ina,
3608 4550 3719 4612 ubi
3790 4549 3930 4634 ejus
3983 4552 4238 4637 epigra-

2747 4645 2924 4730 phen
2972 4667 3119 4711 cum
3155 4649 3404 4732 syllabo
3457 4651 3957 4736 inscriptionum
3998 4655 4236 4740 Elaga-
