4652 5937
1487 385 2361 502 ELAGABALvs“

360 609 427 672 in
482 606 846 694 imperium
890 601 1188 683 intruso,
1249 605 1526 692 eripuit,
1583 598 1856 696 eiusque

359 730 609 775 nomen
669 731 752 774 ex
814 709 998 771 fastis
1059 708 1289 783 erasit,
1350 709 1440 771 ita
1500 714 1859 774 numeratis

357 813 658 897 quinque
706 800 1053 892 Antoninis
1100 809 1619 873 Diadumeniano
1658 813 1861 874 Anto·

362 913 507 974 nini
545 933 790 976 nomen
834 912 1015 973 velut
1062 911 1461 988 indebitum,
1508 926 1574 974 et
1611 912 1859 991 -injuria

364 1014 659 1076 delatum
719 1012 988 1075 ademit.
1047 1014 1152 1073 Ex
1195 1033 1324 1095 quo
1362 1027 1661 1097 apparet,
1707 1014 1863 1077 Eta-

365 1103 679 1199 gabalum
753 1114 1038 1197 quinque
1129 1127 1377 1174 tantum
1458 1115 1857 1191 Antoninos,

366 1216 607 1302 quibus
662 1235 741 1278 ea
785 1213 1142 1299 appellatio
1198 1232 1358 1278 vere
1419 1229 1858 1299 competeret,

366 1316 642 1400 agnosci
679 1317 999 1390 voluisse,
1043 1314 1271 1389 Pium,
1316 1319 1633 1391 Marcum,
1671 1317 1863 1379 Com·

366 1417 681 1492 modum,
727 1437 923 1480 veros
966 1416 1356 1493 Antoninos,
1396 1418 1631 1502 quibus
1681 1416 1861 1478 dein-
1901 1458 1915 1469 -

369 1521 453 1583 de
484 1518 866 1581 necessario
903 1516 1147 1579 addidit
1183 1518 1615 1592 caracallam,
1672 1538 1859 1578 suum

366 1623 646 1685 obtentu
673 1632 961 1703 patrem,
1008 1638 1155 1676 nam
1210 1617 1466 1678 nonnisi
1518 1639 1640 1701 per
1678 1617 1861 1681 ‘hune

366 1720 469 1803 jus
520 1716 623 1781 illi
671 1721 740 1781 in
804 1717 1119 1780 Antonini
1162 1717 1666 1799 appellationem
1717 1741 1865 1801 par·

303 1828 310 1834 ’
366 1837 530 1887 tum.
617 1824 804 1904 Ergo
831 1832 1095 1901 praeter
1123 1815 1709 1881 Diadumenianum
1753 1814 1865 1881 ex.

372 1922 573 1987 clusit
611 1921 823 1982 ‘etiam
878 1922 1140 1994 Getam,
1205 1938 1419 2002 neque
1467 1918 1535 1978 id
1585 1920 1860 1998 mirum3

368 2045 518 2086 nam
570 2036 1031 2105 praeterquam
1080 2017 1257 2103 quod
1307 2018 1589 2080 dubitari
1622 2033 1860 2102 potest,

368 2124 663 2188 fueritne
716 2122 822 2185 hic
878 2140 1160 2204 unquam
1210 2119 1575 2181 Antoninus
1610 2119 1861 2195 dictus,

373 2246 408 2286 a
454 2224 797 2287 Caracalla
846 2222 1052 2283 hostis
1117 2233 1217 2282 est
1275 2219 1635 2302 judicatu-s,
1696 2221 1867 2302 ejus-

369 2346 501 2411 que
540 2343 797 2385 nomen
844 2343 926 2384 ex
966 2314 1402 2382 monumentis
1447 2335 1864 2404 expunctum.

369 2425 677 2490 Exclusit
724 2424 919 2485 etiam
972 2424 1051 2483 L.
1081 2424 1364 2495 Verum,
1411 2421 1527 2484 sed
1573 2436 1639 2484 et
1692 2423 1864 2485 hunc

371 2528 499 2591 soli
527 2524 866 2587 inferioris
902 2522 1044 2585 aevi
1077 2522 1431 2603 scriptores
1466 2523 1864 2584 Antoninum

352 2627 661 2700 faciunt,
712 2636 891 2687 certa
946 2616 1364 2684 monumenta
1409 2622 1749 2706 ignorant,
1796 2637 1870 2685 ut

369 2731 437 2791 in
475 2729 620 2811 ejus
652 2739 914 2788 moneta
934 2724 1201 2786 dictum.
1245 2724 1426 2784 Haec
1448 2736 1870 2805 posteaquam

372 2840 854 2894 commentatus
896 2824 1184 2898 fueram,
1242 2825 1414 2887 forte
1469 2824 1536 2883 in
1581 2823 1870 2885 animad-

368 2930 748 2996 versionem
785 2923 1077 2987 Bimardi
1111 2925 1388 2988 eundem
1450 2945 1719 2986 numum
1762 2923 1872 2985 de-

370 3030 725 3096 scribentis
762 3028 963 3090 incidi
996 3028 1050 3106 ιι)
1071 3070 1087 3100 ,
1119 3046 1316 3110 quem
1357 3024 1653 3088 laetabar
1686 3023 1869 3085 idem

370 3152 635 3196 mecum
676 3132 745 3193 in
793 3132 934 3213 ejus
990 3126 1382 3211 epigraphes
1434 3125 1869 3208 explicatione

372 3233 658 3309 sentire,
705 3250 1073 3315 quanquam
1122 3227 1480 3289 verisimile
1532 3227 1743 3290 eidem
1781 3225 1873 3285 v-i-

375 3335 651 3408 deatur,
719 3333 979 3392 literam
1036 3329 1426 3390 insolentem
1477 3327 1540 3393 V
1590 3337 1876 3385 moneta·

372 3425 459 3499 rii
507 3435 673 3498 vitio
724 3431 1093 3512 inrepsisse.
1184 3430 1293 3489 sie
1346 3442 1560 3488 autem
1606 3446 1875 3486 numum

373 3527 696 3602 describit
721 3555 736 3594 ε
784 3531 1313 3597 ANTONINVS.
1333 3531 1413 3595 V.
1448 3527 1870 3590 PIVSAEEL.

373 3631 579 3714 AVG.
639 3641 845 3714 Caput
891 3637 1266 3695 laureatum.
1328 3625 1375 3685 Ξ
1423 3626 1689 3694 VOTA.
1731 3629 1875 3692 Pv-

367 3739 660 3804 BLICA.
725 3740 1075 3812 Imperator
1125 3735 1214 3791 ad
1257 3749 1440 3789 aram
1469 3732 1867 3808 sacrificans.

371 3840 781 3904 Mazzoleno
828 3835 1022 3895 litera
1056 3834 1120 3896 V
1158 3830 1415 3911 expleri
1464 3854 1658 3915 posse
1698 3834 1875 3895 vide.

373 3958 486 4007 tur
520 3936 816 4022 legendo
855 3936 1133 3995 Vranim
1174 3928 1275 4008 b),
1327 3932 1447 3992 sed
1490 3954 1756 4007 vereor,
1801 3949 1876 3997 ut

372 4044 552 4107 hane
585 4039 1035 4120 conjecturam
1077 4032 1349 4094 eruditis
1382 4033 1780 4114 probaverit.

501 4146 617 4206 Pia·
662 4152 734 4200 et
784 4138 1020 4198 Felicis
1066 4134 1327 4194 nomina
1363 4132 1671 4195 continuo
1726 4148 1876 4216 post

333 4264 351 4276 ‘
374 4255 759 4328 susceptum
793 4233 1145 4318 imperium
1179 4233 1304 4293 sibi
1342 4232 1645 4308 adscivit,
1691 4248 1763 4295 ut
1779 4249 1875 4296 te-

373 4359 634 4411 stantur
666 4339 853 4404 numi
873 4381 889 4410 ,
928 4349 1003 4398 ·et
1035 4334 1297 4418 quidem
1331 4353 1465 4396 non
1497 4347 1873 4418 exspectato

309 4440 325 4463 ⁸
372 4461 642 4511 senatus
681 4438 984 4504 consulto
1015 4437 1098 4516 ο).
1754 4431 1759 4436 “

3305 442 3449 514 255

2094 608 2203 674 ‘De‘
2240 609 2873 693 Elayabala'nomine
2898 608 3113 677 actum
3143 610 3214 675 in
3241 611 3458 677 nuniz
3519 636 3529 646 “

1962 709 2126 774 anni
2168 711 2245 779 V.
2286 711 2362 774 C.
2400 718 2548 794 974.
2609 730 2616 737 “

2101 914 2294 976 Pater
2313 916 2609 991 patriae,
2656 916 2923 993 Consul,
2974 918 3144 980 Trcb.
3184 928 3321 996 pta.
3377 945 3384 950 ·

2096 1111 2256 1174 Dixi
2290 1115 2359 1177 in
2399 1116 2739 1179 annalibus
2788 1117 2972 1184 V.C.
3008 1136 3126 1200 971
3193 1137 3276 1181 ex
3306 1118 3466 1182 Dio-

1971 1206 2131 1292 ne,
2168 1217 2598 1299 Elagabalum
2658 1218 2871 1279 statim
2937 1238 3164 1281 omnes
3221 1219 3466 1303 princi-

1972 1339 2131 1401 pum
2164 1317 2422 1392 titulos‚
2466 1331 2534 1378 et
2566 1318 2726 1379 eitra
2770 1332 3026 1400 patrum
3066 1319 3331 1382 decreta
3364 1341 3467 1381 ar·

1973 1419 2287 1502 ripuisse,
2321 1433 2549 1481 >tamen
2593 1419 2765 1480 inter
2808 1419 2935 1481 hos
2971 1426 3183 1499 patris
3204 1424 3467 1495 patriae

1977 1521 2267 1602 elogium
2316 1541 2447 1581 non
2494 1534 2815 1582 memorat
2863 1521 3015 1583 Dio.
3106 1520 3245 1583 Sed
3296 1519 3466 1581 illud

1974 1619 2105 1702 jam
2156 1620 2472 1685 exhibent
2515 1623 2698 1683 numi
2763 1623 2902 1704 ejus
2957 1621 3142 1697 anni,
3204 1636 3270 1683 et
3313 1616 3469 1684 con-

1978 1721 2206 1783 cordat
2250 1722 2583 1784 laudatum
2640 1722 2983 1806 aliquoties
3015 1722 3467 1805 fragmentum

1975 1822 2254 1883 fratrum
2317 1823 2695 1899 Arvalium,
2766 1823 2945 1907 quod
3009 1835 3110 1886 est
3173 1823 3471 1904 ejusdem

1978 1924 2147 1985 anni
2679 1924 2686 1937 '
3381 2004 3384 2009 .

2100 2026 2209 2085 De
2229 2022 2568 2106 Elagabali
2586 2008 3042 2098 consulatibus,
3089 2036 3156 2084 et
3185 2029 3470 2088 tribuna·

1979 2129 2182 2200 tibus,
2264 2125 2475 2206 iisque
2538 2144 2763 2185 secum
2833 2124 3212 2207 compositis
3276 2126 3465 2200 vide,

1980 2247 2145 2311 quae
2193 2225 2453 2308 prolixe
2499 2223 2896 2291 disseremus
2929 2224 3011 2283 in
3064 2238 3340 2288 tractatu
3381 2225 3467 2287 de
3521 2238 3526 2247 '

1979 2326 2129 2388 trib.
2167 2338 2515 2409 potestate.

2066 2531 2423 2591 Dis-crimen
2451 2534 2616 2592 inter
2642 2552 2864 2591 numos
2886 2531 3278 2604 Car-acellae,
3324 2543 3390 2593 et

2553 2634 2924 2712 Elayabali.

2109 2833 2199 2897 ‘Vt
2230 2834 2529 2918 plerique
2575 2834 2916 2918 utriusque
2955 2836 3235 2920 Augusti
3269 2836 3472 2911 numi,

1989 2932 2343 2997 sicut-atius
2377 2934 2864 3017 expendantur,
2899 2949 3151 3000 certum
3185 2936 3475 3022 aliquod,
3519 2934 3524 2939 ‘

1987 3034 2070 3094 ad
2092 3048 2316 3094 utrum
2359 3019 2757 3116 pertineant,
2795 3038 3143 3100 criterium
3164 3037 3474 3111 offerunt,

1985 3134 2075 3194 ita
2120 3134 2554 3196 indubitatum
2616 3137 2847 3212 etiam,
2910 3158 3056 3200 esse
3100 3141 3479 3214 nonnullos,

1989 3233 2071 3294 ad
2104 3254 2267 3315 quos
2303 3234 2352 3293 ii
2402 3257 2662 3318 quoque
2711 3237 3145 3312 adhaereant,
3192 3240 3304 3322 qui
3335 3240 3479 3300 lon-

1991 3333 2136 3414 gius
2190 3347 2448 3416 tempus
2499 3336 2566 3394 in
2612 3336 2713 3396 his
2759 3338 2988 3399 studiis
3041 3340 3479 3402 collocavere.

1992 3436 2096 3494 Ex
2149 3435 2326 3495 omni
2388 3455 2666 3497 numero
2716 3438 2766 3498 ii
2818 3439 3032 3499 solum
3074 3438 3479 3520 impediunt,

1995 3533 2106 3616 qui
2140 3534 2374 3596 faciem
2426 3551 2838 3617 proponunt,
2885 3560 3050 3622 quae
3098 3537 3481 3600 adolescen-

1993 3635 2042 3694 ti
2082 3635 2234 3696 inde
2272 3658 2306 3696 a
2342 3635 2517 3698 XIV.
2555 3639 2780 3714 aetatis
2801 3661 2969 3701 anno
2993 3645 3196 3724 usque
3213 3639 3478 3715 XVIII„

1990 3736 2101 3819 qui
2141 3737 2291 3797 anni
2326 3735 2515 3798 fuere
2554 3738 2891 3820 Elagabali
2924 3738 3305 3820 imperantis
3341 3760 3481 3801 car-

1990 3835 2208 3909 dines,
2251 3849 2470 3918 potest
2517 3851 2920 3920 competere.
2993 3841 3064 3901 Si
3115 3861 3240 3922 qua
3280 3838 3484 3901 linea·

1992 3951 2209 3997 menta
2265 3935 2419 3999 huic
2482 3938 2676 3998 aetati
2736 3953 2845 4001 aut
2911 3940 3291 4012 detrahunt,
3363 3955 3482 4001 aut

1990 4036 2268 4107 addunt,
2315 4057 2552 4097 numus
2598 4037 2770 4098 haud
2819 4039 3016 4101 dubie
3051 4055 3150 4103 est
3175 4040 3484 4101 Caracal·

1988 4136 2114 4198 lae.
2201 4137 2366 4197 Cum
2413 4156 2575 4220 ergo
2626 4139 2693 4198 in
2726 4139 3068 4201 statuendo
3101 4140 3484 4202 isthoedis-
3543 4193 3558 4200 -

1990 4238 2266 4300 crimine
2292 4257 2751 4321 nonnunquam
2789 4239 2982 4300 dubia
3023 4241 3481 4317 obversentur,

1988 4338 2355 4420 praesentis
2389 4350 2488 4398 est
2523 4338 2836 4415 instituti,
2883 4339 2949 4400 in
2985 4340 3269 4402 tironum
3304 4355 3483 4405 cum-²

1988 4440 2220 4524 primis
2280 4439 2556 4522 gratiam
2602 4439 2789 4522 leges
2841 4440 3208 4504 discriticas
3258 4442 3483 4521 ferre,

452 4671 517 4763 a)
559 4666 642 4746 aa
680 4682 897 4740 lobea.
930 4680 996 4734 T.
1027 4679 1068 4736 1.
1094 4698 1151 4755 p.
1185 4686 1308 4743 ψ,

1421 4677 1491 4748 b)
1528 4675 1837 4736 Animadv.
1871 4676 1933 4734 in
1963 4694 2111 4734 mus.
2144 4676 2334 4734 Pisan.
2360 4678 2424 4734 P.
2444 4676 2515 4732 11.
2545 4698 2607 4754 p.
2635 4688 2762 4741 280.
2840 4683 2900 4751 c)
2942 4678 3054 4735 Dio
3074 4681 3337 4740 LXXIX.
3357 4685 3403 4757 §.
3424 4695 3478 4744 2.
