4652 5937
1464 474 1920 550 ANvas
2022 475 2436 553 VERVS.
3373 514 3463 577 35

373 660 472 722 u.
503 657 760 719 Aeliam
808 661 1140 722 Aureliam
1198 662 1427 723 Verum
1480 660 1684 723 fuisse
1734 657 1868 722 dic·

367 770 515 819 tum
539 803 556 832 ‚
604 771 669 820 et
697 781 1022 840 nunquam
1055 781 1138 822 eat
1156 782 1232 824 eo
1269 773 1542 841 tempore
1566 767 1705 825 sine
1739 763 1867 823 Au-

368 859 530 921 relii
563 864 817 922 nomine
851 863 920 921 in
935 866 1144 922 numia
1180 883 1558 943 canaparere·
1602 862 1866 925 Postre-

370 982 523 1024 mae
582 961 735 1024 huie
794 961 965 1044 parti
1042 963 1459 1027 distinctione
1517 984 1681 1047 opus
1742 976 1863 1027 est.

374 1064 644 1126 Certum
680 1084 869 1140 sane,
913 1065 1256 1126 Aurelium
1292 1085 1554 1150 semper
1582 1063 1751 1140 dici,
1797 1077 1864 1126 et

371 1163 507 1226 hoe
567 1184 808 1227 nomen
866 1186 1197 1251 nunquam
1256 1165 1486 1228 abesse
1537 1166 1606 1228 in
1649 1165 1863 1234 numia

373 1268 717 1332 commatis
750 1268 1061 1342 Romani,
1107 1280 1172 1330 at
1201 1288 1355 1328 num
1402 1268 1599 1329 etiam
1637 1266 1705 1326 in
1747 1287 1868 1327 nu·

370 1369 500 1429 mis
548 1369 886 1430 commatis
931 1366 1321 1453 peregrini?
1384 1366 1552 1428 Satis
1589 1378 1864 1440 constat,

367 1468 576 1533 urbes
621 1469 904 1533 Graecas
966 1471 1130 1532 citra
1182 1468 1370 1551 leges
1413 1470 1663 1530 Romae
1726 1485 1864 1528 mo·

366 1571 652 1633 netarias
713 1583 823 1633 aut
882 1568 1210 1633 addidisse
1270 1569 1561 1645 nomina,
1625 1583 1735 1632 aut
1778 1587 1862 1629 ex

297 1749 306 1754 a
368 1672 711 1757 pluribus,
774 1691 940 1755 quae
976 1671 1207 1746 libuit,
1271 1671 1608 1755 selegisse.
1668 1669 1862 1731 Paul-

370 1775 443 1836 lo
490 1795 686 1857 supra
730 1773 1044 1848 vidimus,
1102 1772 1475 1835 Faustinam
1518 1771 1848 1853 juniorem

362 1875 438 1936 in
491 1888 754 1937 moneta
797 1875 1048 1937 Graeca
1109 1872 1240 1936 dici
1292 1878 1607 1948 Anniam,
1683 1869 1861 1956 quod

363 1995 607 2038 nomen
661 1989 921 2037 moneta
968 1974 1148 2036 urbis
1193 1995 1522 2057 nunquam
1569 1971 1858 2054 recepit3

365 2096 512 2138 eam
529 2096 790 2160 quoque
813 2076 940 2137 dici
963 2072 1227 2135 NGAN
1244 2119 1260 2150 ‚
1281 2078 1632 2152 juniorem,
1664 2074 1860 2135 etiam

363 2178 545 2240 istud
592 2177 779 2239 nullo
837 2176 1163 2259 exemplo.
1238 2175 1348 2237 Sic
1404 2187 1471 2236 et
1515 2197 1549 2236 a
1590 2174 1861 2236 Graecis

370 2278 674 2361 Crispina
714 2276 957 2341 dicitur
998 2273 1447 2351 BPOTT1A‚
1508 2289 1574 2336 et
1613 2275 1866 2336 Saloni-

360 2401 452 2442 na
487 2374 1085 2453 XPTCOI'ONH‚
1145 2377 1509 2442 tacentibus
1547 2375 1709 2438 haec
1747 2396 1862 2438 no·

362 2481 543 2543 mina
570 2481 906 2542 Romanis.
948 2482 1360 2543 Praenomen
1396 2483 1606 2540 Marci
1648 2477 1713 2537 in
1744 2500 1863 2539 nu·

362 2583 491 2645 mis
527 2582 781 2644 Aurelii
809 2580 1020 2643 adhuc
1056 2580 1352 2642 Caesaris
1395 2577 1697 2640 officinae
1729 2582 1859 2640 Ro-

359 2703 593 2746 manae
639 2683 868 2766 legere
913 2702 1046 2745 non
1082 2695 1219 2756 est,
1264 2680 1438 2741 istud
1473 2693 1688 2741 tamen
1721 2699 1856 2740 non

359 2806 519 2847 raro
577 2786 909 2868 reperitur
957 2784 1034 2845 in
1081 2782 1297 2844 numis
1345 2779 1612 2845 exteris.
1689 2777 1860 2841 Con·

359 2900 467 2949 tra
511 2886 576 2946 in
608 2885 823 2946 numia
855 2885 1208 2966 Romanis,
1252 2903 1310 2944 e.
1348 2902 1410 2946 c.
1452 2879 1736 2963 Trajani,
1786 2892 1855 2941 et

355 2987 676 3051 Antonini
713 2989 818 3049 Pii
853 3009 1178 3071 nunquam
1215 2984 1505 3050 occurrit
1539 2982 1852 3066 scriptum

360 3102 655 3152 tantum:
742 3088 1206 3154 TRAIANVS.
1269 3085 1646 3159 CAESAR,
1708 3084 1853 3145 vel:

359 3192 545 3253 IMP.
591 3188 1137 3264 ANTONINVS,
1197 3202 1412 3249 tamen
1450 3187 1516 3246 iu
1553 3182 1851 3268 pluribus

358 3292 640 3356 Graecis
704 3292 952 3374 legitur
1001 3303 1289 3351 tantumt
1355 3281 1853 3347 TPAlANOC.

357 3389 747 3468 KAICAP,
818 3406 885 3454 et
952 3386 1382 3467 ΑΤτοκρατ-ωρ
1432 3382 1854 3448 ΑΝΤΩΝῙ-

352 3491 565 3557 NOC.
612 3496 796 3578 Ergo
815 3513 896 3555 ex
930 3492 1228 3577 pluribus
1248 3487 1638 3563 nominibus,
1681 3506 1847 3570 quae

347 3596 602 3680 singuli
630 3596 895 3680 propria
931 3594 1223 3655 habuere
1245 3636 1262 3666 ,
1307 3589 1704 3672 inscripsere
1732 3608 1849 3648 nu-

349 3699 483 3760 mis
511 3741 529 3773 ,
572 3717 739 3782 quae
784 3696 1076 3760 scribere
1111 3692 1393 3776 placuit,
1440 3703 1632 3774 atque
1679 3689 1844 3751 utin

349 3799 501 3860 aliis
567 3803 659 3860 M.
700 3799 956 3861 Aurelii
1017 3795 1230 3857 adhuc
1277 3792 1572 3854 Caesaris
1633 3791 1847 3852 numis

348 3901 680 3983 scripsere
701 3899 959 3984 plenius
979 3892 1117 3960 :M.
1136 3886 1851 3956 ATPHAIOCDTH-

349 4000 548 4065 POCL
563 3996 927 4063 KAchP.
949 4041 966 4070 ‚
1002 3997 1090 4058 ita
1108 3996 1177 4056 iu
1204 3996 1345 4057 aliis
1361 3995 1653 4078 parcius:
1685 3987 1843 4052 AT-

351 4097 723 4165 PHAIOC.
746 4096 1133 4160 OTHPOC.
1154 4091 1535 4170 KAICAP,
1581 4108 1689 4157 aut
1709 4109 1844 4156 tan-

346 4216 524 4266 tum:
562 4195 1069 4263 ATPHAIOC.
1100 4194 1482 4271 KAICAP,
1521 4215 1686 4280 quae
1707 4215 1842 4255 om·

1980 664 2461 747 nummumque
2497 663 2624 727 hoc
2676 667 2829 730 loco
2879 668 3034 733 satis
3071 671 3299 758 mirari
3341 697 3475 740 non

1979 783 2247 846 possum
2270 809 2288 839 ,
2336 786 2371 826 a
2403 765 2781 829 Froelichio
2813 784 3006 860 caput
3040 772 3211 836 istud
3232 821 3250 852 ,
3296 778 3475 861 quod

1979 863 2048 922 in
2098 883 2297 925 numo
2346 865 2676 930 luculenta
2713 891 2834 952 per
2886 892 3124 954 genas,
3183 888 3250 937 et
3294 899 3475 940 men·
3572 947 3580 958 ,

1980 976 2117 1024 tum
2148 963 2422 1050 barbula
2452 969 2760 1045 vestitur,
2809 972 2887 1035 ab
2925 974 3068 1057 ipso
3108 977 3337 1055 etiam,
3401 992 3475 1044 ut

1981 1084 2065 1128 ex
2129 1064 2450 1131 iconismo
2541 1087 2849 1154 apparet,
2924 1055 3180 1158 agnita,
3253 1079 3470 1146 Annio

1979 1166 2159 1231 Vero
2204 1166 2444 1244 tribui,
2490 1173 2601 1254 qui
2637 1188 2933 1235 mortuus
2982 1191 3119 1250 est,
3165 1199 3310 1240 cum
3364 1202 3476 1241 an·

1978 1289 2133 1328 num
2172 1269 2431 1330 nonnisi
2465 1272 2813 1356 septimum
2847 1267 3029 1337 vitae’
3051 1294 3300 1358 ageret.
3344 1282 3476 1345 Ve-

1976 1388 2124 1429 rum
2171 1389 2254 1430 ex
2305 1369 2437 1431 alio
2483 1392 2682 1434 numo
2741 1378 3060 1438 sententia
3112 1379 3476 1443 Froelichii

1978 1468 2173 1551 plane
2218 1472 2578 1550 evertitur,
2625 1493 2821 1558 quem
2859 1474 2966 1540 hie
3001 1496 3083 1540 ex
3107 1479 3471 1546 Pellerlnio

1979 1569 2139 1632 sisto
2170 1564 2261 1651 Ιὓ).
2323 1565 2337 1582 ⁴

2258 1665 2647 1739 OTHPOc.
2682 1673 3046 1741 KAICAP.
3120 1684 3324 1760 Caput
3355 1687 3472 1762 ju·

2250 1777 2460 1836 venile
2501 1781 2760 1838 nudam.

1979 1871 2210 1939 cTPI.
2228 1872 2617 1940 ΚΑΒΙΡΩ.
2681 1880 2885 1957 caput
2896 1882 3255 1943 laureatum
3272 1890 3477 1946 Anto·

1976 1982 2121 2040 nini
2164 1981 2311 2054 Pii,
2379 1987 2445 2040 et
2474 1981 2826 2039 Faustinae
2865 1984 3170 2054 junioris.
3215 1982 3355 2043 ΑΕ.
3391 1984 3473 2043 11.

2105 2077 2175 2138 Si
2203 2077 2655 2156 Froelichium
2702 2077 3036 2153 audimus,
3081 2079 3189 2143 hie
3229 2102 3467 2145 numus

1973 2181 2066 2241 M.
2102 2178 2356 2240 Aurelii
2409 2198 2557 2241 esse
2609 2180 2870 2263 nequit,
2932 2181 3234 2262 quoniam
3282 2182 3470 2246 abest

1973 2298 2235 2341 nomem
2270 2284 2547 2344 Aurelii.
2611 2282 2698 2343 At
2743 2280 2951 2342 multo
2984 2281 3196 2342 minus
3242 2282 3473 2344 L.Ae·

1974 2380 2048 2441 lii
2067 2400 2211 2443 esse
2227 2394 2466 2464 potest,
2512 2381 2623 2464 qui
2662 2382 2990 2470 Antonino
3013 2382 3224 2444 adhuc
3252 2384 3467 2466 priva-

1973 2495 2080 2555 te,
2136 2481 2323 2572 cujus
2378 2495 2594 2546 tamen
2632 2496 2825 2566 caput
2855 2485 3059 2548 altera
3094 2485 3277 2545 numi
3312 2505 3466 2568 pars

1976 2580 2284 2657 exhibet,
2333 2597 2628 2644 mortuus
2664 2596 2803 2658 est,
2852 2597 2959 2644 aut
2996 2586 3074 2645 L.
3119 2585 3303 2657 Veri,
3350 2584 3466 2669 qui

1976 2683 2122 2744 vivo
2162 2683 2494 2744 Antonino
2549 2701 2763 2766 neque
2822 2688 3008 2757 Veri,
3053 2703 3267 2767 neque
3314 2690 3464 2746 Cae·

1967 2787 2136 2847 saris
2154 2802 2394 2844 nomen
2425 2781 2634 2845 adhuc
2658 2782 2911 2857 habuit,
2937 2797 3046 2845 aut
3066 2785 3257 2845 Annii
3274 2786 3459 2861 Veri,

1968 2885 2082 2968 qui
2125 2885 2278 2948 vivo
2305 2884 2640 2946 Antonino
2674 2903 2757 2945 ne
2799 2897 2987 2946 natus
3021 2885 3285 2968 quidem
3311 2885 3457 2947 fuit.

1968 2989 2153 3070 Ergo
2196 2986 2253 3047 is
2304 3007 2541 3048 numus
2585 3000 2694 3049 aut
2738 2987 3023 3060 nullius,
3097 3001 3208 3049 aut
3264 2989 3469 3067 unius„

1967 3078 2059 3150 Μ.
2115 3087 2370 3150 Aurelii
2425 3089 2585 3162 erit,
2655 3087 3101 3171 probaturque
3157 3088 3266 3152 vel
3323 3108 3456 3151 uno

1966 3188 2095 3250 hoc
2141 3209 2382 3265 numo,
2442 3188 2615 3272 quod
2664 3188 2947 3271 probare
3002 3189 3316 3249 hactenus
3361 3188 3461 3249 in·

1967 3291 2341 3363 stituersm,
2413 3292 2671 3350 Aurelii
2729 3309 2970 3351 nomen
3015 3307 3146 3351 non
3195 3308 3458 3372 semper

1966 3389 2159 3472 hujus
2200 3390 2415 3451 numis
2458 3390 2663 3450 fuisse
2715 3389 3062 3469 adjectum.
3138 3390 3225 3450 At
3279 3388 3455 3451 enim

1966 3490 2164 3551 alium
2197 3510 2465 3553 numum
2503 3490 2657 3551 dare
2693 3488 2908 3566 lubet,
2954 3509 3149 3572 quem
3177 3488 3256 3551 ad
3276 3488 3463 3551 idem

1963 3592 2520 3676 comprobandum
2557 3589 2806 3653 advoco
2827 3610 2844 3648 ε

2247 3689 2635 3777 οΤΗΡοο.
2680 3684 3046 3755 ΚΑῙΟΑΡ.
3116 3694 3325 3770 σφω
3337 3695 3454 3770 ju-

2245 3778 2453 3856 ven‘ile
2479 3798 2737 3855 nudum.

1963 3888 2198 3958 CTPI.
2242 3888 2697 3957 KABIPssN.
2749 3895 2892 3953 Duo
2949 3895 3170 3971 capitu
3187 3896 3453 3968 juveni·

1959 3999 2053 4055 lia
2070 4015 2138 4057 se
2153 3996 2587 4073 respicientia.
2629 3992 2863 4053 AR.11.
2906 3993 3168 4072 (Haym.
3189 3995 3264 4054 Τ.
3281 3993 3361 4056 11.
3381 4013 3449 4075 p.

1960 4096 2102 4176 289.
2134 4094 2453 4156 Pellerin.
2497 4091 2654 4154 Mel.
2686 4095 2736 4153 1.
2779 4114 2844 4174 p.
2876 4093 3013 4171 70.)

2081 4194 2488 4269 Notandum,
2553 4208 2743 4276 caput
2795 4193 3044 4257 anticae
3093 4193 3163 4255 iu
3208 4206 3446 4278 ectypo

346 4306 458 4368 nia
487 4300 1335 4389 habes-apudPellerinium
1380 4302 1432 4377 ¹)
1467 4294 1839 4381 atqueadeo
1955 4298 2315 4381 Haymiano
2375 4294 2730 4359 secundum
2788 4310 3080 4358 mentum
3147 4294 3447 4357 luculen.

348 4409 418 4471 in
451 4406 600 4469 aliis
648 4424 913 4490 quoque
950 4417 1197 4464 tantum
1233 4398 1615 4462 OTHPOC.
1650 4393 1843 4454 ΚΑΙ·

1953 4413 2083 4462 tam
2118 4398 2458 4461 barbulam
2497 4389 2782 4460 offerre:
2829 4417 2958 4482 quo
3000 4409 3299 4471 cavetur,
3361 4416 3444 4458 ne

350 4505 606 4586 CAR,
648 4520 724 4569 ut
772 4506 838 4567 in
883 4517 1228 4589 praesente
1279 4504 1836 4566 Amastrianorum
1953 4501 2178 4586 puello
2220 4499 2436 4562 Annio
2475 4500 2654 4568 Vero
2682 4498 2886 4562 tribui
2928 4518 3164 4560 numus
3213 4496 3440 4580 possit.

351 4627 3432 4666 ——-—.———--——-—————-a———

452 4725 513 4795 a>
554 4719 693 4780 Mel.
733 4718 806 4780 IL
841 4739 900 4797 p.
931 4720 1017 4784 86·
1051 4727 1141 4784 87.

1286 4715 1354 4788 b)
1396 4715 1608 4811 Me141.
1635 4734 1693 4790 p.
1729 4729 1818 4785 77.
1877 4716 1894 4723 ⁶
