4652 5937
1285 403 1424 482 m6
2261 365 2273 372 ’
2462 388 3171 468 coMMoDvs

1288 584 1399 648 dei
1474 596 1809 666 stuporem
1874 599 2005 640 non
2069 575 2266 640 modo
2337 574 2619 659 longum.
2667 595 2785 635 nu·
2893 574 4406 658 nonnullosconlicere,velutHereulesquon·

1294 705 1555 748 morum
1580 728 1597 758 ,
1654 680 1771 745 sed
1816 695 2114 743 veterum
2147 678 2343 741 etiam
2379 676 2786 739 testimonio·

1291 808 1438 848 rum
1473 804 1707 868 agmen
1729 781 2132 866 comprobat,
2171 800 2449 863 quorum
2467 777 2783 840 illustrio-

1289 911 1362 950 ra
1416 886 1524 949 hic
1555 883 1851 948 conferta
1883 874 2255 965 proponere
2295 879 2380 942 ob
2429 879 2658 944 oculos
2684 878 2784 961 ju-

2896 680 3043 744 dam
3069 678 3547 762 Stymphalidas
3571 723 3587 753 ‚
3635 676 3881 740 fictum
3904 721 3925 750 ,
4001 689 4084 738 ut
4119 674 4404 759 plerique

2895 802 2979 844 ne
3033 780 3312 853 introire
3362 776 3625 862 quidem
3702 778 3768 839 in
3834 776 4404 862 amphitheatrum

2898 884 3218 946 auderent
3246 879 3334 961 k).
3398 882 3486 941 Et
3522 879 3690 941 sacta
3722 879 3886 942 haee
3936 879 4018 938 in
4057 877 4280 940 oculis
4310 896 4410 960 po·

1293 1002 1437 1064 vat3
1515 985 1597 1048 ad
1650 1004 1814 1070 quae
1863 983 1930 1044 in
1963 982 2502 1065 consequentium
2555 1000 2785 1042 numo·
2893 982 3073 1069 puli,
3111 982 3538 1067 patribusper
3575 993 3816 1042 metum
3841 978 4409 1043 acclamantibus:

1279 1111 1444 1174 ‘rum
1476 1087 1928 1173 explicatione
1949 1083 2345 1167 provocabo.

1418 1193 1753 1256 Herculem
1774 1192 2155 1259 Romanum,
2193 1206 2324 1269 quo
2353 1183 2614 1247 nomine
2640 1180 2781 1245 cusi

1290 1291 1473 1353 numi
1517 1290 1598 1350 ad
1660 1309 1894 1351 annum
1970 1296 2353 1370 sequentem
2405 1297 2781 1360 occurrent,

1291 1392 1574 1473 primum
1629 1390 1870 1452 dictum
1915 1387 2119 1449 fuisse
2164 1401 2556 1471 propterea,
2603 1384 2781 1469 quod

1291 1492 1465 1554 feras
1500 1490 1777 1561 Lanuvii
1807 1490 1874 1550 in
1909 1488 2389 1572 amphitheatro
2406 1488 2780 1562 occidisset,

1294 1589 1511 1653 refert
1550 1590 1968 1673 Lampridius
2000 1594 2058 1668 ⁸)
2079 1631 2098 1663 ‚
2147 1603 2212 1649 et
2244 1588 2373 1649 Dio
2406 1585 2498 1669 h).
2569 1587 2651 1649 st
2677 1606 2783 1648 ve-

1294 1692 1544 1755 teribus
1575 1689 1778 1764 fides,
1823 1710 1904 1751 eo
1935 1709 2089 1751 sane
2125 1687 2412 1764 nomine,
2459 1689 2515 1749 si
2551 1708 2785 1770 corpo-

1293 1796 1385 1855 ris
1431 1792 1610 1856 vires
1652 1805 1949 1875 spectes,
2004 1789 2310 1872 indignus
2358 1782 2489 1851 non
2520 1788 2786 1852 videba-

1295 1911 1441 1972 tur,
1500 1915 1644 1956 nam
1687 1906 1752 1953 et
1815 1891 2235 1973 elephantum
2284 1904 2481 1953 conto
2532 1889 2787 1953 transli-

1291 1998 1427 2072 xit‚
1498 2008 1565 2058 et
1629 2014 1756 2055 uno
1825 1993 1930 2053 die
1993 2005 2252 2053 centum
2307 2011 2498 2053 ursos
2554 1989 2786 2073 jaculis

1297 2096 1626 2170 confecit,
1670 2095 2013 2176 fessusque
2049 2113 2176 2154 uno
2210 2093 2444 2153 haustu
2472 2089 2783 2176 poculum

1295 2221 1329 2261 a
1385 2197 1608 2282 puella
1659 2195 2072 2278 propinatum
2121 2193 2433 2268 absolvit,
2493 2212 2578 2253 ne
2628 2204 2788 2274 potu

1295 2300 1602 2385 quidem,
1683 2309 1749 2357 et
1824 2294 2371 2372 muliercularum
2454 2279 2845 2354 amoribus'

1293 2398 1658 2462 Herculem
1711 2395 2052 2459 inficiatus.
2121 2394 2565 2456 Pei-hibentur
2602 2392 2784 2480 haec,

1297 2521 1428 2585 quo
1463 2498 1674 2559 minus
1703 2497 1986 2558 dubitari
2035 2496 2277 2578 possit,
2342 2518 2378 2558 a
2425 2495 2642 2556 Dione
2679 2516 2788 2557 au·

1297 2615 1477 2684 topta
1509 2601 1568 2676 e)
1594 2643 1609 2670 ‚
1656 2612 1790 2660 tum
1817 2595 2194 2679 Lampridio
2229 2591 2317 2673 d).
2389 2595 2666 2656 Centum
2704 2594 2785 2656 ab

1300 2722 1380 2763 eo
1418 2701 1644 2761 leones
1676 2720 1806 2759 uno
1844 2697 1949 2759 die
1987 2697 2240 2758 occisos
2276 2709 2540 2757 narrant
2575 2699 2788 2758 Hero·

1298 2802 1526 2864 dianus
1559 2805 1650 2881 0),
1690 2798 2151 2860 etAmmianus
2199 2791 2274 2873 s).
2319 2798 2602 2879 Propter
2625 2796 2786 2858 haec

1302 2922 1449 2963 cum
1503 2900 1670 2963 alter
1727 2898 1991 2959 Alcides
2051 2895 2444 2971 haberetur,
2525 2909 2591 2958 et
2646 2897 2786 2980 ipse

1307 3003 1438 3065 dici
1493 3002 1735 3071 vellet,
1782 2997 2090 3060 continuo
2121 3010 2512 3079 properatus
2557 3009 2790 3058 statua-

1301 3126 1446 3165 rum
1475 3100 1792 3185 populus,
1840 3117 2005 3180 quae
2034 3095 2466 3159 Commodum
2506 3098 2648 3182 ejus
2683 3095 2791 3159 dei

1306 3204 1525 3265 habitu
1549 3211 2018 3285 proponerent,
2064 3211 2127 3259 et
2154 3218 2308 3259 mox
2337 3198 2458 3273 illi,
2504 3213 2576 3261 ut
2605 3218 2791 3281 prae-

1302 3306 1469 3367 senti
1491 3303 1638 3377 deo,
1675 3299 2073 3362 immolatum
2110 3302 2193 3378 8).
2253 3301 2399 3382 lpse
2434 3320 2591 3361 vero
2622 3299 2787 3386 acl-eo

1207 3406 1220 3409 *
1305 3406 1430 3467 sibi
1468 3424 1664 3467 verus
1711 3416 1809 3463 est
1845 3402 2171 3462 Hercules
2207 3400 2421 3474 visus,
2466 3416 2578 3476 ut,
2639 3423 2788 3464 cum

1305 3505 1622 3591 prodiret,
1669 3503 1880 3565 leonis
1919 3502 2203 3575 exuvias,
2250 3514 2315 3562 et
2352 3503 2599 3566 clavam
2639 3516 2788 3564 ante

1305 3630 1375 3671 se
1427 3606 1669 3692 gestari
1737 3603 2152 3686 praeciperet
2180 3597 2266 3681 h).
2348 3603 2437 3668 Vt
2495 3623 2654 3665 vero
2725 3615 2794 3663 et

1303 3708 1660 3770 Herculem
1695 3703 2079 3787 perdomitis
2114 3702 2423 3764 monstris
2445 3746 2461 3776 ‚
2498 3724 2665 3786 quae
2701 3702 2796 3765 fa-

1307 3810 1538 3871 bulosa
1589 3806 1784 3887 vulgo
1853 3804 2099 3867 credita
2162 3817 2347 3876 sunt,
2405 3804 2790 3880 imitaretur,

1305 3910 1606 3974 homines
1657 3908 1841 3970 vivos
1892 3905 2118 3988 pannis
2165 3917 2231 3965 et
2271 3904 2492 3966 linteis
2543 3906 2795 3971 insutos

1307 4016 1377 4074 in
1420 4013 1753 4096 gigantum
1802 4006 2069 4070 modum
2111 4005 2454 4083 formavit,
2520 4021 2587 4069 et
2619 4008 2796 4090 jacu-

1309 4114 1391 4175 lis
1428 4112 1714 4176 confecit
1762 4108 1832 4189 i).
1879 4112 1967 4170 Et
2001 4128 2148 4171 cum
2166 4130 2395 4172 rumor
2426 4109 2799 4172 increbres-

1312 4229 1526 4288 ceret,
1634 4210 1933 4274 statuisse
1998 4210 2465 4294 imperatorem
2548 4212 2799 4293 sagittis

1419 4411 1488 4483 a).
1524 4406 1670 4480 Cap.
1703 4411 1757 4463 8.
1954 4398 2021 4470 b)
2060 4397 2123 4452 L.
2163 4396 2396 4454 LXXII.
2439 4403 2488 4472 ς.
2530 4408 2616 4461 15.

1318 4490 1665 4552 Commodo.
1845 4487 1900 4561 f>
1939 4486 2239 4543 LXXXI.
2282 4508 2333 4546 c.
2362 4501 2449 4548 10.

1313 4595 1361 4658 β.
1396 4598 1478 4648 17.
1525 4577 1845 4637 Herodian.
1885 4577 1948 4633 L.
1988 4576 2030 4635 1.
2066 4596 2116 4632 c.
2151 4584 2235 4636 14.

1320 4672 1599 4735 Diadum.
1744 4671 1830 4741 m)
1873 4668 1934 4722 L.
1965 4665 2095 4723 XII.
2135 4687 2193 4742 p.
2235 4675 2362 4731 537.

2811 4403 2870 4473 c)
2914 4400 2978 4501 L:
3014 4403 3142 4473 c.§.
3175 4410 3378 4474 18-19.
3412 4488 3426 4501 ·

2646 4490 2711 4564 g)
2743 4488 3043 4568 Lamprld.
3085 4509 3214 4567 cap.
3244 4503 3295 4564 9.
3352 4492 3485 4546 Dio.
3516 4489 3554 4547 l.
3591 4511 3639 4548 c.
3673 4495 3726 4565 §.
3758 4501 3843 4554 15.

2886 1088 3138 1166 primus
3182 1105 3286 1159 es,
3341 1085 3765 1164 felicissimus
3810 1102 3917 1156 es,
3963 1083 4232 1154 vincis,
4292 1081 4411 1138 cis·

2895 1206 3035 1259 ces,
3080 1205 3246 1247 unm
3283 1187 3369 1246 ab
3414 1185 3592 1246 omm‘
3622 1185 3980 1258 memoria,
4032 1184 4408 1249 Asmzzom‘ae·³

2895 1291 3122 1349 vincis.
3212 1284 3317 1348 Ad
3364 1297 3612 1347 tantum
3673 1282 3995 1346 infamiae
4070 1282 4409 1366 prolapsus

2897 1387 3105 1456 Marci
3175 1386 3384 1462 filius,
3458 1404 3540 1446 eo
3598 1381 3907 1447 redactus
3981 1384 4410 1468 gravissimus

2898 1504 3154 1574 patrum
3200 1509 3566 1553 consessus.
3633 1486 4212 1583 Quodpoterat,
4256 1495 4405 1561 saty-

2898 1592 2991 1652 ris
3029 1611 3170 1653 eam
3204 1590 3672 1675 turpitudinem
3706 1589 3917 1650 ultum
3946 1589 4087 1652 ivit
4116 1582 4405 1671 populus.

2899 1693 3000 1753 En
3048 1691 3239 1773 hujus
3270 1691 3531 1776 generis
3564 1689 3965 1771 diasyrticon
4022 1708 4175 1765 non
4212 1684 4405 1765 illepi-

2902 1792 3056 1855 dum
3091 1813 3174 1854 ex
3210 1791 3590 1876 Lampridio
3636 1787 3725 1872 ¹)=

2990 1981 3357 2043 Commodus
3387 1979 3763 2040 Herculeum
3813 1994 4057 2037 nomen
4092 1975 4327 2035 hahere

3178 2159 3185 2168 .
3532 2089 3541 2095 ’
3897 2079 4127 2156 cupit,

2984 2184 3455 2244 Antoninorum
3490 2201 3619 2241 non
3638 2188 3830 2258 putat
3851 2197 3995 2238 esse
4037 2176 4299 2236 bonnm.

2986 2288 3237 2362 Expers
3258 2283 3717 2357 humanijrcris
3750 2289 3816 2339 et
3850 2279 4143 2354 imperii,

2988 2386 3272 2463 Spemne
3311 2387 3467 2466 quin
3507 2385 3702 2444 etiam
3731 2381 3974 2440 clarius
4019 2397 4171 2438 esse
4208 2379 4394 2442 deum,

2989 2488 3193 2560 Quam
3227 2486 3287 2542 si
3310 2487 3400 2543 sit
3418 2486 3715 2561 princeps
3748 2481 4034 2542 nominis
4061 2477 4329 2557 effre-qil,

2988 2591 3135 2648 Non
3151 2588 3276 2646 erit
3292 2589 3413 2645 iste
3429 2588 3603 2656 deus,
3642 2601 3758 2643 nee
3774 2590 3987 2640 tamen
4003 2582 4192 2640 ullus
4208 2578 4396 2636 homo.

2904 2772 3055 2833 Fuit
3090 2782 3306 2830 tamen
3340 2779 3681 2849 repertus,
3728 2763 3836 2849 qui
3880 2761 4060 2825 hunc
4103 2762 4248 2842 ejus
4281 2769 4395 2815 stu-

2903 2890 3136 2955 porem
3195 2867 3492 2929 nonnihil
3545 2867 3895 2948 mitigaret.
3965 2868 4152 2940 Quid
4212 2862 4392 2939 ἐρίων

2904 2978 3133 3035 mirum
3154 3015 3171 3047 ‚
3218 2968 3428 3053 inquit
3449 2970 3821 3053 Athenaeus
3850 2968 3943 3046 ¹¹²)
3964 3011 3979 3039 ‚
4027 2970 4095 3027 si
4126 2967 4387 3025 Commo·

2903 3078 3381 3162 dus-'imperatos
3397 3073 3574 3147 apud
3599 3090 3715 3129 nos
3736 3074 3805 3129 in
3832 3090 4019 3130 curru
4034 3066 4387 3147 appositam

2902 3179 3128 3237 habuit
3159 3176 3411 3233 clavam
3445 3172 3824 3230 Herculeam
3882 3172 4214 3230 substrata
4265 3161 4379 3237 ipsi

2904 3280 3105 3337 leonis
3117 3276 3315 3353 pelle,
3362 3281 3428 3331 et
3461 3272 3795 3331 Herculem
3819 3274 4041 3331 vocari
4073 3290 4148 3330 se
4178 3265 4384 3330 voluit,

2905 3398 3046 3439 cum
3086 3373 3460 3436 Alexander
3496 3373 3865 3432 Aristotelis
3891 3370 4257 3450 praeceptis
4290 3367 4389 3422 im·

2907 3481 3089 3539 butus
3137 3495 3205 3536 se
3258 3477 3467 3552 ipsum
3530 3475 3665 3533 illis
3724 3476 3855 3532 diis
3898 3466 4380 3533 adsimilaven‘12

2909 3589 3098 3661 atque
3127 3578 3287 3636 adeo
3321 3576 3518 3635 etiam
3549 3576 3824 3635 Dianae.

3632 3706 3671 3745 Ι

3796 3751 3837 3790 θ’

3200 3812 3283 3870 Vt
3322 3814 3420 3874 Iit.
3460 3754 3534 3872 ὃ.

2907 3906 3196 3974 VOTIS.
3217 3909 3697 3976 FELICIBVS.
3747 3914 4049 3994 Quinque,
4063 3928 4259 3972 naves
4276 3915 4383 3968 elc.

2911 4009 3051 4075 ΑΕ.
3100 4032 3266 4071 max.
3302 4012 3475 4074 mod.
3526 4015 3726 4096 (Mus.
3762 4010 4049 4089 Albani.)

2915 4210 2949 4271 f
3039 4109 3209 4177 Vide
3266 4110 3350 4174 de
3386 4113 3601 4175 numis
3655 4110 3978 4173 similibus
4032 4111 4256 4195 paullo
4301 4106 4382 4166 in·

2946 4232 3036 4275 ro.
3108 4226 3114 4232 “

3575 4400 3643 4474 (1)
3687 4402 3831 4478 Cap.
3862 4413 3947 4462 12.
3981 4412 4067 4466 13.
4242 4402 4299 4473 e)
4331 4396 4383 4453 in

4025 4489 4098 4565 h>
4132 4490 4244 4552 Dio
4276 4489 4313 4548 1.
4338 4502 4380 4544 c·

2397 4577 2449 4651 i)
2487 4576 2789 4655 Lamprid.
2820 4599 2951 4658 cap.
2990 4594 3041 4655 9.
3080 4579 3194 4638 Dio
3227 4579 3266 4636 l.
3291 4600 3339 4641 c.
3377 4582 3430 4651 ᾖ.
3472 4591 3560 4640 20·
3710 4581 3782 4657 k)
3820 4579 3935 4641 nio
3963 4580 4005 4639 l.
4036 4601 4087 4639 e.
4247 4578 4380 4655 Diu
