4652 5937
933 469 1028 547 M.
1132 432 1742 545 Avassmvs
1843 465 2581 549 ANTON1st.
3216 496 3306 565 za

166 653 359 714 istud
448 653 726 717 alterum
777 650 1022 717 factum
1072 651 1320 730 serius,
1384 665 1456 719 ut
1517 649 1696 715 vide·

167 754 425 816 bimus.

310 859 728 919 MEDICVS.
810 857 1169 920 Decretum
1235 854 1543 928 AureliO,
1624 868 1695 918 et

167 958 360 1025 Vero
436 957 611 1021 hunc
687 958 982 1033 titulum,
1060 958 1334 1042 ejusque
1407 976 1690 1027 causam,

166 1057 409 1141 paullo
452 1080 647 1141 supra
699 1060 1001 1124 vidimus.
1068 1064 1298 1123 Exstat
1339 1057 1693 1141 inscriptus

167 1160 239 1221 in
292 1180 512 1221 numo
554 1162 914 1244 singulari,
976 1183 1170 1246 quem
1210 1182 1406 1245 supra
1448 1158 1531 1222 ad
1584 1180 1694 1221 an·

164 1281 328 1323 uum
367 1256 582 1324 VTG.
614 1282 739 1343 9ι9
777 1263 1030 1343 objeci,
1074 1262 1500 1345 jungiturque
1541 1281 1690 1323 cum

167 1360 389 1423 titulis
450 1370 866 1439 Armeniaci,
936 1378 1002 1425 et
1050 1366 1339 1425 Parthici
1388 1364 1684 1424 Maximi.

164 1465 523 1527 Marmora
563 1465 756 1548 hujus
793 1466 965 1529 tituli
1002 1462 1412 1547 frequentius
1465 1460 1693 1522 memi-

166 1584 361 1627 nere.
428 1568 506 1627 In
557 1590 758 1631 numo
812 1566 1053 1651 insigni
1114 1561 1561 1627 Alexandrino
1608 1561 1687 1624 L.

165 1666 337 1730 Veri
373 1688 532 1729 cum
567 1671 647 1728 1..
688 1666 764 1733 Ε.
788 1715 804 1744 ,
850 1689 1042 1753 quem
1083 1667 1290 1730 edidit
1321 1665 1404 1728 cl.
1443 1666 1688 1747 zoega,

175 1768 429 1830 mulier
467 1783 646 1832 stans
686 1771 989 1852 clypeum
1025 1783 1226 1843 tenet,
1276 1767 1382 1830 cui
1420 1765 1692 1848 inscrip-

172 1880 363 1930 tum:
464 1867 865 1950 APpcmuuog
923 1866 1276 1945 sIAeSntof
1350 1858 1691 1938 ΜΗδικος.

177 1967 531 2032 Galerium
593 1992 856 2054 quoque
909 1970 1336 2035 Maximinum
1382 1968 1686 2035 vocatum

177 2075 647 2133 Armeniacum
690 2077 870 2134 Mam.
915 2076 1237 2135 Medicum
1266 2075 1451 2134 Max.
1495 2081 1693 2132 testa·

174 2185 283 2233 tur
328 2171 671 2235 Eusebius
705 2174 785 2253 ¹).

565 2391 1321 2455 GERMANICVS.

307 2575 629 2637 Aurelius
649 2574 922 2657 abjectis
947 2595 1069 2658 per
1083 2574 1248 2643 Veri
1277 2589 1558 2637 mortem
1576 2596 1693 2638 no-

186 2677 476 2740 minibus
517 2681 893 2738 Armeniaci
934 2690 999 2738 et
1045 2682 1330 2739 Parthici
1388 2682 1690 2753 Maximi,

186 2778 471 2861 hisque,
519 2792 591 2839 ut
612 2764 945 2853 diximus,
988 2778 1193 2840 :fratri
1241 2779 1367 2839 soli
1401 2798 1694 2841 reserva·

184 2880 291 2955 tis,
379 2878 568 2965 quod
622 2878 869 2940 sactum
937 2878 1199 2942 labente
1259 2900 1427 2941 anno
1488 2881 1570 2947 V.
1616 2880 1692 2942 C.

190 3000 348 3063 qaa,
408 2978 818 3065 aliquamdiu
881 2981 1059 3043 omni
1114 2981 1380 3043 nomine
1425 2980 1692 3044 honori·-

186 3084 306 3147 fico
371 3085 439 3145 in
510 3095 777 3145 moneta
828 3080 1137 3143 abstinuit
1197 3081 1485 3166 propriis
1552 3080 1686 3141 suis

191 3196 559 3246 contentus.
626 3185 865 3246 Postea
923 3183 1237 3264 temporis
1286 3201 1410 3265 per
1477 3184 1685 3245 claras

189 3283 267 3346 de
296 3285 651 3346 Germanis
681 3283 1017 3358 victorias,
1067 3282 1150 3342 de
1197 3283 1430 3364 quibus
1466 3295 1685 3345 actum

191 3384 255 3444 in
304 3384 689 3459 annalibus,
749 3385 1239 3446 GERMANICI
1276 3382 1398 3444 sibi
1443 3404 1686 3466 cogno-

193 3505 333 3546 men
369 3486 680 3548 emeruit.
740 3486 978 3549 Collati
1021 3485 1215 3566 hujus
1247 3484 1422 3546 tituli
1457 3485 1686 3547 memi-

189 3606 340 3650 nere
408 3587 822 3669 Capitolinus
868 3579 999 3666 ι>),’
1040 3599 1106 3648 et
1154 3585 1285 3647 Dio
1317 3586 1399 3666 ο).
1484 3587 1679 3649 Hunc

191 3688 397 3761 numi,
458 3687 777 3769 neglecto
823 3685 1238 3751 Mediobarbi
1299 3689 1679 3770 praeconio,

195 3801 516 3850 ostentare
568 3786 887 3869 incipiunt
940 3789 1004 3849 in
1042 3789 1300 3851 Aurelii
1349 3788 1678 3849 tribunatu

194 3885 414 3952 XXVI.
442 3933 458 3962 ,
512 3887 627 3970 qui
664 3889 883 3969 coepit
934 3889 1056 3950 sub
1105 3889 1359 3950 initium
1404 3889 1554 3951 anni
1595 3889 1681 3954 V.

197 3989 261 4046 C.
316 3992 475 4068 q25,
545 3990 640 4050 sic
702 4002 957 4064 tamen,
1019 4004 1090 4052 ut
1140 4009 1326 4052 more
1380 3997 1678 4056 veterum

198 4087 535 4152 titulorum
586 4111 716 4151 non
763 4090 830 4150 in
877 4091 1085 4154 antica
1130 4112 1518 4167 numorum,
1565 4090 1685 4154 sed

196 4203 369 4270 parte
400 4213 635 4254 aversa
670 4190 929 4272 legatur
967 4191 1086 4255 hac
1117 4193 1301 4276 lege:
1348 4193 1687 4255 GERMA-

195 4290 416 4355 NICO.
451 4295 657 4359 AVG.
694 4296 871 4356 IMP.
901 4294 1014 4359 Vl.
1063 4294 1256 4358 COS.
1289 4297 1399 4357 111.
1423 4340 1441 4371 ,
1503 4293 1680 4379 quod

204 4389 581 4458 observatur
616 4394 812 4457 etiam
832 4398 897 4456 in
933 4395 1144 4457 numis
1180 4397 1328 4457 anni
1345 4397 1678 4480 sequentis

1812 647 1975 732 9²⁶2
2049 634 2242 736 atque
2294 654 2365 715 id
2427 674 2664 721 nomen
2714 657 2985 721 GERM.
3046 660 3305 727 nonnisi

1807 753 1877 814 in
1922 752 2254 819 tribunatu
2300 756 2580 834 XXIX„
2648 778 2764 820 seu
2811 758 3075 821 labente
3133 781 3302 827 anno

1805 855 1886 919 V.
1927 856 1997 919 C.
2039 857 2166 935 928
2209 856 2276 917 in
2307 858 2582 921 anticam
2622 875 2722 922 est
2754 860 3141 939 trajectum,
3190 881 3298 927 ea·

1812 953 1962 1018 dem
1997 957 2189 1040 plane
2220 960 2510 1035 ratione,
2559 982 2683 1045 qua
2730 962 2795 1023 in
2820 962 3106 1039 Traiano
3142 964 3302 1029 vidi-
3398 1018 3416 1037 .

1811 1077 1954 1119 mus
1976 1057 2316 1123 decretum
2340 1060 2500 1125 huic
2537 1083 2778 1125 nomen
2795 1060 3110 1127 ΟΡΤΙΜῙ
3142 1068 3305 1129 mul-

1810 1172 1877 1220 to
1925 1174 2074 1223 ante
2124 1181 2480 1244 occupasse
2509 1177 2756 1225 tantum
2803 1180 3055 1245 partem
3118 1188 3303 1229 aver-

1807 1279 1968 1336 sam,
2015 1281 2208 1344 quam
2250 1264 2317 1323 in
2345 1266 2618 1326 anticam
2641 1266 3072 1346 reciperetur.
3119 1269 3307 1334 Haec

1810 1360 2022 1436 numi,
2097 1383 2247 1425 nam
2308 1385 2598 1427 marmor
2654 1364 2908 1427 nullum
2987 1365 3302 1433 hactenus

1805 1459 2063 1543 reperi,
2125 1461 2303 1545 quod
2355 1465 2567 1526 solum
2620 1469 2993 1530 Germanici
3063 1488 3306 1533 nomen

1809 1558 2105 1625 offerret.
2182 1564 2256 1625 In
2301 1585 2490 1628 causa
2536 1579 2673 1640 est,
2740 1565 2918 1648 quod
2962 1587 3077 1643 ea,
3141 1591 3307 1655 quae

1808 1676 2179 1744 supersunt,
2227 1665 2440 1727 serius
2481 1679 2627 1727 sunt
2661 1667 2871 1748 posita
2907 1669 3154 1733 adscito
3174 1672 3309 1751 jam

1810 1762 2153 1828 Sarmatici
2187 1765 2405 1841 titulo,
2435 1766 2516 1829 de
2548 1788 2678 1853 quo
2703 1770 3037 1835 continuo.
3086 1774 3302 1836 Etiam
3344 1838 3358 1853 ,

1810 1866 2173 1929 Commodo
2235 1867 2473 1930 eodem
2528 1889 2698 1930 anno
2748 1871 2827 1933 V.
2877 1872 2948 1935 C.
3013 1875 3177 1953 925,
3238 1888 3305 1936 et

1756 1965 2072 2047 ‚quidem
2141 1966 2248 2030 die
2310 1971 2454 2036 XV.
2516 1969 2830 2034 Octobris
2890 1972 3297 2055 impertitum
3353 1994 3360 1997 ·

1811 2069 2182 2157 Germanici
2235 2069 2495 2131 titulum
2556 2069 2726 2133 infra
2787 2092 2871 2135 ex
2914 2075 3298 2158 Lampridio

1806 2164 2222 2244 docebimus,
2301 2170 2420 2233 sed
2483 2191 2679 2255 quem
2737 2173 2973 2237 et·hic
3035 2176 3296 2239 nonnisi

1805 2287 1975 2329 anno
2003 2270 2084 2335 V.
2108 2271 2178 2331 C.
2221 2272 2347 2348 028
2384 2272 2590 2353 patris
2625 2275 2932 2357 exemplo
2968 2276 3036 2337 iu
3074 2297 3306 2340 numo-

1807 2389 1955 2431 rum
2014 2371 2292 2435 anticam
2351 2374 2622 2457 recepit.
2685 2376 3071 2440 Advertesis
3113 2399 3301 2461 prae·

1808 2471 2051 2533 claram
2079 2494 2430 2536 numorum
2464 2495 2615 2538 cum
2662 2475 2991 2541 historicis
3028 2499 3304 2544 eoncor-

1809 2570 2002 2633 diam.

2202 2794 2926 2860 SARMATJCVS.

1931 2975 2371 3041 Sarmatarum
2391 2980 2656 3042 nomine
2688 2980 3157 3066 intelliguntur
3181 3007 3297 3069 po·

1802 3077 1943 3161 puli
2006 3091 2184 3140 trans
2227 3081 2640 3156 Danubium,
2706 3102 2830 3164 qua
2891 3085 3292 3148 Pannoniam

1803 3178 2213 3262 superiorem
2248 3196 2544 3263 separat,
2590 3182 2719 3243 late
2764 3183 2830 3243 in
2888 3188 3300 3266 septemtrio·

1800 3299 1919 3341 nes
1952 3278 2182 3363 positi,
2230 3281 2615 3362 quibuscum
2664 3284 2832 3347 acris
2864 3287 3173 3364 Aurelio,
3221 3309 3296 3352 ac

1798 3380 2086 3462 plurium
2120 3401 2437 3443 annorum
2470 3382 2802 3448 dimicatio
2837 3386 2982 3449 fuit.
3041 3387 3294 3452 Eorum

1799 3481 2097 3543 meminit
2124 3502 2386 3566 quoque
2420 3485 2800 3562 Pausanias,
2864 3508 3010 3549 cum
3056 3487 3290 3562 refert,

1798 3579 1878 3641 ab
1901 3581 2174 3645 Aurelio
2210 3580 2393 3643 bello
2431 3582 2713 3649 domitos
2746 3605 2938 3648 τυστε
2977 3584 3298 3671 Γερμανυς

1796 3702 2225 3765 μαχιμοι-ατη·
2286 3706 2386 3743 και
2437 3691 2734 3761 πλειστκς
2787 3711 2902 3750 των
2946 3687 3008 3751 ἐν
3045 3691 3305 3775 Eum„

1797 3780 2117 3861 Βαρβαρων
2142 3807 2239 3844 και
2272 3784 2449 3862 ἔθνος
2477 3813 2550 3850 το
2570 3786 3290 3868 ΣΑΤΡΟΜΑΤΩΝ,

1803 3890 2154 3949 Germanos
2178 3892 2693 3954 bellicosissimos
2708 3936 2726 3965 ‚
2782 3903 2848 3954 et
2878 3897 3291 3958 barbarorum

1789 3991 2136 4065 plurimos,
2184 3994 2298 4072 qui
2321 4012 2438 4065 per
2473 3996 2797 4072 Europam
2819 4005 2968 4056 eunt
2988 4039 3004 4068 ‚
3050 4005 3117 4057 et
3135 4015 3290 4074 qen·

1803 4097 1925 4150 tem
1952 4091 2576 4154 SARMATABVM
2599 4091 2683 4174 d).
2775 4097 2877 4156 Ex
2934 4094 3035 4157 his
3090 4114 3288 4179 saepe

1800 4209 2077 4250 numero
2124 4191 2316 4253 victis
2361 4190 2677 4256 bellicum
2759 4214 3022 4280 quoque
3079 4193 3283 4260 decus

1795 4290 2067 4352 Aurelio
2136 4291 2450 4374 accessit,
2529 4295 2880 4380 datumque
2925 4302 3284 4360 Sarmatici

1764 4412 2035 4457 momen
2083 4394 2179 4469 ei,
2254 4394 2525 4479 {ilioque
2576 4395 2941 4460 Commodo
3001 4400 3278 4462 testibus

195 4582 3271 4616 ’———-————-————-t————-—·——-——“

307 4695 364 4759 a)
400 4694 547 4750 Hist.
569 4693 969 4753 ecc1.L.V111.
1005 4705 1157 4758 c.18.
1234 4695 1304 4765 b)
1333 4694 1393 4752 in
1408 4663 1653 4754 Aurelio
1687 4706 1841 4756 c.12.
1917 4698 1977 4771 c)
2016 4695 2081 4754 L.
2113 4694 2321 4755 LXXI.
2357 4700 2453 4771 §3.
2529 4695 2598 4766 d)
2636 4693 2856 4756 Arcad.
2879 4697 2941 4754 L.
2962 4696 3102 4759 VIII
3124 4710 3279 4762 c.43.

324 4806 495 4886 (Vol.
550 4812 729 4888 VII.)

2808 4815 2877 4874 K
