4652 5937
1412 362 2012 471 Gonnum
2084 394 2139 467 1.
2202 416 2289 467 m
2345 392 2437 467 Π.

932 580 1253 644 Consul.

476 779 883 847 Gordianum
918 781 1246 843 seniorem
1291 779 1394 844 bis
1436 779 1839 865 processisse

350 884 730 956 consulem,
776 884 1056 964 primum
1113 903 1262 944 cum
1311 882 1682 956 Caracalla,
1732 879 1844 942 de-

351 984 507 1047 inde
559 982 966 1056 Alexandro,
1031 983 1275 1049 diserte
1334 983 1542 1045 refert
1589 983 1846 1065 Capito·

351 1087 521 1147 linus
570 1086 674 1163 ⁸),
733 1082 912 1167 quod
970 1085 1024 1144 si
1069 1105 1337 1162 verum,
1401 1103 1674 1151 necesse
1719 1097 1843 1158 est,

352 1186 557 1249 fuisse
596 1183 970 1248 consulatus
998 1184 1342 1260 suffectos,
1389 1207 1536 1248 nam
1570 1185 1634 1245 in
1661 1183 1844 1248 fastis

348 1307 483 1349 non
518 1298 989 1347 memorantur.
1056 1288 1137 1348 At
1172 1288 1238 1348 in
1274 1285 1414 1370 ejus
1447 1286 1659 1347 numis
1695 1285 1847 1346 sim-

349 1387 505 1472 plex
556 1400 807 1449 tantum
861 1388 1235 1450 consulatus
1293 1389 1633 1473 proditur,
1714 1407 1844 1469 quo

359 1485 468 1564 fit,
515 1502 587 1549 ut
636 1487 933 1551 dubitare
982 1488 1090 1553 hic
1128 1509 1389 1574 quoque
1435 1489 1520 1550 de
1569 1487 1846 1579 veritate

347 1588 551 1672 hujus
599 1589 962 1651 testimonii
1010 1590 1238 1664 liceat,
1282 1603 1354 1651 ut
1389 1591 1453 1650 in
1492 1588 1849 1674 praemissa

360 1692 925 1756 animadversione
970 1691 1255 1767 monui„
1293 1691 1532 1751 Filium
1596 1705 1848 1754 mature

358 1794 701 1859 consulatu
738 1808 1036 1855 ornatum
1072 1792 1247 1853 idem
1282 1805 1553 1855 testatur
1582 1788 1667 1871 b).

926 2014 1301 2077 Nomina.

1726 2142 1753 2150 ς

488 2182 834 2262 Antonius.
905 2197 1027 2260 Cui
1083 2218 1211 2260 non
1264 2195 1668 2259 stomachum
1719 2216 1859 2259 mo-

369 2314 519 2363 veat
559 2300 873 2382 denique,
925 2299 1121 2360 toties
1172 2313 1364 2381 atque
1399 2297 1480 2359 ad
1524 2297 1857 2360 fastidium

370 2400 744 2482 disputans,
793 2414 859 2461 et
909 2400 1246 2482 ambigens
1286 2397 1721 2480 Capitolinus,
1766 2397 1865 2459 fu-

369 2501 629 2563 erintne
663 2498 979 2561 Gordiani
1024 2498 1180 2559 dicti
1209 2504 1563 2575 Antonini,
1608 2522 1689 2563 an
1729 2508 1860 2562 An·

371 2602 592 2663 eonii?
651 2603 731 2680 c).
798 2601 866 2659 Si
901 2622 1021 2681 pro
1068 2598 1364 2661 futilibus
1402 2602 1535 2662 suis
1586 2602 1864 2664 auctori·

378 2703 499 2764 bus
556 2701 999 2763 consuluisset
1056 2710 1418 2777 marmora,
1497 2722 1571 2765 ac
1630 2723 1862 2764 numos

370 2805 667 2867 Graecos
709 2800 1027 2865 Gordiani
1067 2802 1212 2883 ΙΙΙ..
1270 2802 1336 2862 in
1387 2802 1619 2885 quibus
1652 2803 1864 2885 ,plene

370 2904 689 2967 scribitur
727 2901 1174 2968 ANTONIVS
1200 2946 1216 2978 ,
1261 2901 1455 2964 facile
1495 2903 1727 2965 suisset
1759 2923 1867 2967 ve-

372 3026 522 3069 rum
572 3005 897 3087 reperire.
941 3004 1256 3065 Fueritne
1295 3024 1375 3065 ex
1410 3018 1702 3066 veterum
1741 3006 1869 3066 An-

372 3106 705 3167 toniorum
744 3104 1042 3185 prosapia
1066 3147 1082 3174 ‚
1132 3089 1369 3164 iterum
1406 3104 1560 3165 alibi
1587 3106 1873 3187 suspica-

373 3221 483 3267 tur
516 3203 614 3284 d),
661 3217 725 3264 at
765 3203 883 3261 vix
908 3203 1184 3282 cuipiam
1229 3204 1647 3283 persuaserit.

500 3306 880 3383 Africanus.
963 3302 1070 3361 Ait
1124 3299 1552 3382 Vaillant'ius,
1628 3322 1871 3388 nomen

377 3403 674 3472 Africani
718 3399 1070 3462 Gordianis
1110 3419 1513 3482 nequaquam
1574 3401 1872 3474 inditum,

380 3505 561 3594 quod
598 3518 791 3590 pater
824 3498 1084 3561 Africae
1118 3514 1492 3581 praeesset,
1538 3500 1651 3561 sed
1698 3501 1874 3583 quod

379 3610 711 3689 originem
750 3624 787 3664 a
829 3600 1139 3682 Scipione
1173 3596 1480 3661 Africano
1525 3619 1597 3661 se
1628 3600 1875 3662 habere

382 3711 575 3771 ambo
624 3704 1072 3789 gloriarentur
1122 3703 1203 3778 θ).
1260 3699 1618 3775 Miremur,
1664 3700 1874 3762 virum

382 3808 716 3884 eruditum
763 3804 931 3866 hanc
969 3799 1352 3862 sententiam
1403 3814 1703 3883 tanquam
1740 3818 1883 3861 cer·

382 3923 517 3970 tam
566 3904 789 3990 sequi,
838 3924 986 3967 cum
1047 3916 1261 3964 tamen
1312 3900 1751 3984 Capitolinus,
1799 3919 1884 3961 ex

386 4028 519 4094 quo
565 4028 709 4071 eam
751 4004 1079 4086 excerpsit
1121 4000 1212 4080 s),
1259 4000 1421 4061 nibil
1458 3998 1736 4076 decidat,
1766 4001 1884 4061 sed

386 4112 599 4173 varias
647 4120 895 4170 tantum
950 4105 1282 4167 variorum
1337 4101 1680 4183 opiniones
1730 4117 1886 4185 pro·

386 4225 629 4293 ponat,
688 4208 833 4291 ipse
891 4224 1051 4267 vero
1105 4203 1350 4264 diserte
1400 4200 1558 4265 alibi
1604 4200 1883 4277 adserat,

3353 209 3376 243 Χ

3297 414 3441 511 sos

1956 578 2281 663 originem
2315 590 2648 662 paternam
2687 577 3020 641 Gordiano
3056 602 3089 641 a
3127 579 3443 645 Gracchis

1953 679 2198 755 fuisse,
2245 681 2405 752 etsi,
2453 694 2526 742 ut
2563 694 2702 743 erat
2738 694 2969 742 auctor
3015 683 3282 744 minime
3311 682 3450 747 rno-⁸

1956 802 2182 857 rosus,
2228 802 2444 865 neque
2490 796 2867 864 aspernatus
2930 798 3030 845 est
3070 805 3300 847 eorum
3353 800 3448 848 te-

1959 883 2296 957 stimonia,
2345 884 2455 966 qui
2501 904 2648 945 eum
2684 882 2763 946 ab
2796 887 3130 960 Antoniis,
3176 880 3450 950 Antoni·
3507 937 3514 943 .

1958 983 2058 1046 nis
2081 1026 2101 1054 ,
2143 983 2459 1064 Pompejo
2487 998 2609 1046 etc.
2634 984 2982 1047 oriundum
3015 987 3266 1049 dixere.
3286 1060 3292 1065 ,
3313 990 3450 1050 Cur

1958 1103 2087 1143 non
2140 1084 2398 1144 omissis
2451 1084 2643 1166 hujus
2705 1088 2896 1168 nugis
2957 1088 3204 1171 placuit
3260 1087 3450 1172 sequi

1960 1183 2410 1247 Herodianum
2461 1205 2814 1263 coaevum,
2880 1190 2988 1270 qui
3037 1190 3313 1273 loquens
3361 1188 3454 1252 de

1965 1286 2289 1348 Africanis
2357 1287 2725 1349 Gordianos
2787 1286 2869 1348 ad
2932 1289 3279 1373 imperium
3334 1311 3452 1355 vo-

1963 1387 2256 1450 cantibus
2311 1388 2473 1451 baec
2516 1388 2600 1449 de
2659 1387 2791 1447 illis
2851 1389 2951 1468 g),
3036 1414 3124 1471 τῳ
3160 1386 3232 1451 δε
3285 1403 3460 1471 κυριῳ

1960 1487 2107 1567 cius-n
2139 1485 2387 1569 ὀνοματι
2446 1490 2813 1566 προσθεντες
2875 1484 3478 1557 A‹1›P1KANON.

1957 1591 2259 1651 ε’καλεσαν
2311 1582 2467 1648 Am·
2510 1587 2921 1651 ΕΑΤΤΩΝ
2939 1636 2956 1666 ,
3003 1597 3265 1673 proprio
3303 1616 3451 1658 vero

1962 1698 2102 1771 esus
2118 1693 2802 1754 nominiAFRICANI
2832 1714 3060 1755 nomen
3090 1700 3164 1759 A.
3186 1698 3300 1756 SE
3334 1700 3449 1757 a'd-

1966 1799 2204 1856 dt‘dere.
2248 1794 2430 1874 Ergo
2456 1812 2692 1854 nomen
2724 1793 2902 1855 istud
2929 1795 3315 1857 aGordiano
3348 1817 3460 1859 an-

1936 1894 2159 1975 ‚tehae
2191 1894 2475 1975 alienum
2510 1892 2782 1954 inditum
2817 1910 2916 1956 est
2942 1896 3022 1958 ab
3057 1896 3254 1958 Afris.

2094 1987 2533 2065 ZEMNOZ.
2598 1995 2667 2054 In
2725 1996 2936 2055 numis
2997 1997 3460 2059 Alexandrinis

1968 2098 2251 2179 legitur:
2307 2095 2387 2156 A.
2440 2092 2525 2157 Κ.
2558 2091 2667 2159 Μ.
2723 2093 2874 2161 AN.
2909 2092 3469 2161 ΞΙῘΟΡΔΙΑΝΟΟ.ἱ

1970 2194 2190 2259 ceM.
2227 2188 2448 2256 A‹1›P.
2489 2188 2627 2255 GT.
2662 2193 2851 2259 CGB.
2887 2200 3083 2277 (Mus.
3107 2199 3290 2259 Caes.
3310 2198 3464 2259 Pet·

1976 2297 2145 2359 lerin
2182 2298 2339 2359 Mel.
2384 2296 2435 2357 1.
2472 2317 2533 2378 p.
2561 2297 2738 2372 225.)
2781 2299 2911 2369 Pro
2947 2295 3164 2358 ceM.
3201 2320 3334 2359 non
3369 2299 3467 2359 in-

1977 2398 2248 2460 tellecto
2282 2397 2902 2480 antiquariipriores
2925 2442 2942 2472 ‚
2986 2420 3151 2481 quos
3189 2399 3363 2463 inter
3396 2414 3465 2464 et

1984 2499 2403 2570 Vaillantiust,
2469 2496 2775 2579 legerunt
2815 2496 2998 2560 (ΣΕ-Β.
3022 2544 3039 2574 ,
3086 2514 3155 2563 ut
3194 2502 3358 2564 adeo
3395 2503 3466 2564 in

1979 2599 2207 2663 eadem
2250 2597 2677 2681 inscriptione
2721 2601 2965 2683 duplex
3013 2616 3187 2664 esset
3241 2601 3463 2677 ct-JB„

1980 2698 2155 2784 quod
2190 2698 2542 2761 absurdum
2579 2713 2648 2762 ut
2682 2701 2999 2763 evitarent
3037 2705 3185 2776 alii,
3234 2724 3314 2764 ex
3352 2725 3468 2786 po·

1981 2800 2243 2890 sti-emis
2282 2800 2555 2863 vocibus
2593 2799 2731 2865 ΕΤ.
2766 2798 2954 2866 ΟΕΒ.
2987 2826 3176 2865 unam
3213 2803 3467 2876 fecere,

1980 2921 2220 2985 nem-pe
2257 2897 2621 2977 GTCGan
2645 2947 2660 2975 ,
2708 2907 2878 2965 Pius.
2928 2908 3007 2965 At
3033 2904 3210 2965 ‘enim
3235 2905 3469 2965 literae

1984 3001 2208 3066 CGM.
2263 3019 2412 3079 sunt
2469 3003 2798 3088 ἅρχαιεσαι
2865 3005 3165 3068 vocabuli
3224 3023 3473 3087 σεμνος,

1986 3105 2163 3187 quod
2227 3107 2502 3170 Graecis
2564 3120 2664 3167 est
2729 3110 3148 3182 venerabilis,
3210 3107 3473 3191 qualem

1984 3204 2188 3265 fuisse
2211 3204 2610 3268 Gordianum
2643 3208 2969 3268 seniorem
3007 3205 3200 3268 docet
3219 3208 3476 3290 Capito-

1983 3303 2157 3364 linus
2190 3300 2285 3382 ¹¹22
2332 3310 2459 3368 Hic
2492 3310 2662 3373 enim
2706 3310 2842 3367 vita
2888 3305 3279 3366 venerabilis
3333 3328 3478 3369 cum

1986 3407 2255 3468 Platone
2287 3425 2553 3481 semper,
2595 3425 2742 3471 cnm
2768 3409 3134 3478 Aristotele,
3173 3426 3314 3468 cnm
3336 3413 3481 3471 Tul-

1988 3506 2108 3577 lio,
2170 3523 2314 3565 cum
2366 3509 2427 3566 V
2421 3507 2642 3584 n'ryn'lio
2665 3549 2682 3579 ,
2756 3508 3107 3587 ceterisque
3164 3512 3480 3573 veteribus

1988 3623 2191 3682 aqens
2238 3606 2442 3665 alium
2465 3647 2481 3678 ‚
2539 3626 2731 3686 quam
2788 3608 3178 3680 merebatur,
3237 3612 3482 3672 emitum

1985 3724 2222 3782 passus
2243 3714 2360 3765 est.
2406 3707 2552 3765 Non
2578 3704 2796 3786 inique
2816 3720 3040 3766 censet
3063 3708 3483 3785 Pellerinius,

1994 3823 2228 3864 numos
2279 3804 2792 3880 Alexandrinos,
2837 3805 2903 3864 in
2950 3806 3185 3887 quibus
3235 3809 3481 3873 dictum

1999 3897 2219 3964 CGM.
2274 3901 2556 3986 legitur,
2616 3924 2761 3966 esse
2812 3904 3126 3967 Gordiani
3180 3909 3480 3982 senioris.

1998 4021 2233 4084 nempe
2272 4005 2380 4064 cui
2427 4003 2602 4070 istud
2648 4005 2935 4088 elogium
2976 4025 3097 4088 per
3124 4010 3379 4072 senium
3413 4026 3484 4074 et

1997 4103 2386 4186 gravitatem
2423 4127 2678 4168 morum
2712 4107 3105 4180 accesserit,
3152 4106 3219 4168 in
3244 4110 3482 4193 quibus

1998 4203 2346 4281 omittitur,
2393 4204 2856 4287 essejunioris.
2904 4207 3260 4271 SEMNOS
3286 4212 3481 4275 etiam

398 4341 3479 4382 -ῇ-μ-ᾷ--ᾠ--ῇ--Ὗ-ῄ--ῄ

469 4447 531 4512 a)
574 4441 724 4514 Cap.
762 4444 821 4498 4.
966 4433 1040 4504 b)
1080 4433 1226 4509 Cap.
1270 4442 1360 4495 18.

396 4537 460 4602 e)
502 4530 940 4603 Num.-praest.
982 4524 1050 4580 Τ.
1090 4522 1133 4583 l.
1172 4543 1235 4600 p.
1276 4533 1397 4589 155.
1437 4521 1582 4581 edit.
1622 4521 1793 4582 Rom.

385 4617 457 4692 h)
499 4618 563 4679 in
600 4613 895 4676 Gordian.
942 4631 994 4673 c.
1034 4624 1085 4678 7.

1505 4435 1566 4503 c)
1606 4433 1670 4493 in
1705 4432 1967 4493 Macrino
2005 4452 2054 4492 c.
2093 4444 2146 4497 3.
2183 4432 2247 4490 in
2280 4432 2609 4491 Gordianis
2647 4452 2695 4491 c.
2732 4440 2789 4497 4.
2819 4446 2872 4502 5.
2906 4449 2994 4504 17.

3105 4438 3174 4513 d)
3215 4443 3363 4517 Cap.
3400 4457 3485 4516 17.

1975 4519 2026 4597 ί)
2066 4522 2127 4581 in
2162 4521 2450 4584 Gordian.
2490 4541 2540 4582 c.
2577 4536 2631 4598 9.
2676 4537 2763 4592 w.
2946 4529 3013 4604 g)
3051 4528 3114 4588 in
3151 4530 3486 4594 Maximino.
