4652 5937
1422 411 2248 497 ‚DRYAN·T1LLA.

3232 419 3378 505 1⁵63

1572 723 2081 785 PRETJVM.

887 913 1205 1004 Argemei
1246 927 1493 1017 tantum
1538 916 1818 999 cogniti,
1862 917 2042 1003 iique
2146 958 2594 983 .....

1172 1217 1707 1283 SVLPICJA
1784 1220 1915 1282 Da
1945 1222 2523 1283 YANTILLA.

418 1423 633 1508 Hujus
697 1425 1030 1515 Augustae
1098 1420 1282 1483 numi
1347 1419 1779 1487 vindobonae

287 1527 579 1615 primum
645 1544 931 1609 coepere
998 1524 1437 1586 innotescere.
1524 1522 1777 1582 Horum

289 1650 459 1693 unus
494 1641 797 1710 repertu-s
825 1627 892 1686 in
921 1624 1180 1686 Austris
1215 1622 1294 1684 ab
1327 1637 1584 1685 aratore
1615 1643 1779 1704 opus

288 1731 574 1795 faciente
617 1726 897 1809 Iosepho
942 1724 1168 1788 comiti
1207 1725 1493 1785 Ariosto'
1523 1722 1778 1783 oblatus

289 1832 420 1897 cuit
473 1849 644 1894 anno
703 1827 970 1890 circiter
1037 1826 1215 1905 17⁶0.
1305 1826 1523 1887 Motus
1582 1824 1640 1885 is
1682 1822 1784 1885 rei

287 1931 579 1997 novitate
625 1929 842 1992 varios
886 1947 1007 2010 per
1043 1929 1376 2011 Europam
1418 1926 1594 1989 viros
1634 1944 1784 1985 eru-

291 2034 466 2096 ditos
522 2031 884 2106 consuluit,
932 2029 1115 2111 cujus
1166 2029 1450 2091 thalamo
1493 2029 1779 2111 ignotam

294 2135 612 2196 hactenus
650 2134 1003 2213 Augustam
1047 2130 1416 2205 sociandam
1455 2140 1781 2210 putarent.

293 2232 693 2308 Tacentibus
742 2229 1054 2315 reliquis,
1120 2230 1296 2314 quod
1337 2227 1504 2289 nihil
1546 2247 1786 2289 occur-

291 2347 473 2397 rorat
526 2332 615 2413 ad·
675 2352 933 2393 causam
1000 2344 1473 2413 opportunum,
1548 2340 1781 2388 vocem

294 2433 564 2498 exstulit
598 2431 947 2494 Eduardus
979 2431 1326 2504 Corsinus,
1370 2442 1562 2511 atque
1607 2426 1781 2488 edita

292 2534 571 2600 Liburni
611 2553 780 2596 anno
827 2530 974 2609 176·
1027 2532 1284 2614 prolixa
1325 2528 1813 2611 dissertatione·

296 2638 631 2699 illustrare
665 2646 1121 2716 argumentum
1150 2650 1498 2715 aggressus
1528 2643 1664 2703 est,
1708 2647 1784 2689 re

297 2739 437 2821 ipsa
474 2734 654 2798 aliud
689 2734 851 2794 nihil
904 2733 1119 2795 attulit
1152 2746 1418 2815 praeter
1453 2731 1786 2812 conjectu·

297 2858 402 2901 ras
461 2837 654 2920 plane
717 2834 1044 2909 infirmas,
1104 2833 1341 2917 quibus
1385 2831 1594 2893 nihilo
1637 2829 1787 2913 plus

298 2937 618 3024 profecit,
683 2957 877 3020 quam
935 2934 1049 3019 qui
1109 2947 1400 2998 tacuere.
1478 2931 1788 2996 Ar‘mstia·

298 3061 455 3103 num
497 3039 673 3102 istud
716 3038 1049 3100 cimelium
1094 3035 1310 3098 lucem
1347 3032 1597 3097 adfudit
1629 3034 1787 3095 alte·

298 3141 363 3204 ri
404 3140 634 3216 simili,
696 3140 843 3223 qui,
902 3134 1019 3198 sed
1063 3138 1274 3198 minus
1318 3136 1613 3219 integer,
1656 3133 1790 3217 pri·

303 3241 454 3304 dem
502 3241 571 3301 in
618 3256 847 3300 museo
895 3239 1214 3299 Caesareo
1259 3236 1676 3309 servabatur,
1721 3245 1788 3294 et

298 3340 565 3405 nomine
622 3336 1132 3400 KYANTILLA
1186 3360 1223 3399 a
1277 3333 1659 3397 Froelichio
1719 3332 1787 3392 in

303 3440 584 3514 Cimelio
623 3442 807 3503 Caes.
836 3436 1118 3508 vindob.
1154 3460 1301 3522 pag.
1338 3436 1620 3500 CLXIV.
1652 3433 1789 3496 edi-

305 3558 408 3606 tus
446 3553 567 3605 est.
619 3540 719 3603 Ab
759 3540 883 3602 hoc
921 3553 1219 3622 tempore
1256 3538 1505 3621 reperti
1538 3536 1786 3620 plures,

307 3663 383 3709 ao
444 3655 854 3724 compertum
920 3641 1118 3714 milti,
1182 3658 1426 3701 »eorum
1486 3639 1788 3720 exempl-a

304 3744 561 3829 singula
612 3754 869 3803 exstare
922 3754 1033 3803 aut
1081 3740 1411 3802 exstitisse
1448 3740 1514 3801 in
1551 3740 1788 3801 museis

303 3845 399 3908 ill.
441 3864 608 3922 com.
655 3842 909 3916 Vitzai,
963 3842 1125 3904 Rev.
1165 3841 1394 3904 ‘Klimo
1450 3842 1607 3903 olim
1654 3841 1790 3924 epi-

304 3946 490 4030 scopi
518 3944 835 4039 Quinque
872 3942 1289 4006 ecclesiensis
1327 3944 1393 4003 in
1430 3941 1786 4027 Hungaria,

304 4061 374 4111 et
434 4048 526 4111 cl.
576 4045 941 4108 Neomanni
1000 4044 1229 4108 nostri.
1333 4043 1518 4107 Alius
1575 4061 1789 4126 nuper

304 4161 640 4232 repertus,
668 4160 750 4209 et
787 4147 1190 4232 hic'quoque
1224 4144 1291 4205 in
1329 4145 1631 4219 Austris,
1675 4144 1788 4205 ubi

306 4249 682 4330 Hungariae
712 4246 1132 4311 ¹contermina
1173 4260 1304 4321 est,
1349 4245 1416 4306 in
1456 4244 1640 4325 cujus
1680 4267 1789 4308 an-

307 4348 434 4412 tica
462 4348 738 4431 legitur}
786 4349 890 4411 SA
927 4346 1109 4414 AVG
1140 4347 1582 4410 YANTILLA
1621 4377 1649 4395 -
1676 4380 1719 4394 κ-
1759 4379 1788 4394 ·

307 4443 392 4513 ἴε
432 4450 849 4515 PVVNONI.
870 4427 1203 4525 mmm,
1248 4449 1359 4535 qui
1390 4468 1559 4511 nunc
1593 4461 1691 4510 est
1718 4448 1787 4509 in

374 4664 442 4734 a)
477 4661 579 4726 lv.
620 4663 882 4721 Teutam.
922 4680 985 4737 p.
1023 4669 1155 4749 438·

464 4848 500 4867 ἱ

1895 1441 2126 1485 museo
2150 1421 2247 1484 ill.
2269 1418 2638 1484 Alexandri
2655 1424 2802 1484 Bar.
2828 1382 2911 1483 ‹le
2940 1421 3374 1488 Seckendorf.

1894 1523 2195 1607 Denique
2254 1523 2451 1583 alium
2526 1523 2712 1584 citari
2774 1521 2969 1584 video
3034 1547 3070 1586 a
3131 1524 3384 1587 Froeli·

1896 1624 2084 1698 chio,
2148 1622 2264 1685 sed
2307 1625 2438 1702 ipsi
2486 1623 2607 1684 sibi
2662 1637 2797 1684 tum
2848 1624 3143 1707 ignotum
3177 1623 3269 1705 ¹),
3315 1624 3383 1685 in

1894 1724 2081 1805 cujus
2130 1738 2316 1807 parte
2354 1724 2623 1787 adversa
2661 1723 2937 1806 legitur:
2980 1725 3387 1788 PIETASA·

1894 1826 2096 1888 CILL
2140 1859 2168 1874 -
2207 1859 2236 1872 -
2277 1824 2343 1886 in
2405 1844 2666 1888 aversa:
2755 1826 3383 1893 {VLIANIREDIR

1894 1927 2051 1988 Fuit
2094 1928 2148 1988 is
2192 1926 2621 1993 vindobonae
2673 1928 2737 1986 in
2797 1947 3023 1989 museo
3063 1926 3389 1990 Garellia-

1895 2049 2004 2089 no.
2090 2026 2390 2089 Eundem
2437 2027 2610 2089 hunc
2656 2048 2919 2086 numum
2969 2029 3179 2089 serius
3223 2027 3385 2089 mihi

1897 2128 2222 2211 inspicere
2254 2129 2464 2200 licuit,
2498 2127 2614 2189 sed
2649 2128 2713 2187 in
2745 2127 2927 2207 cujus
2959 2129 3169 2193 antica
3200 2130 3387 2192 lucu·

1897 2230 2139 2291 lentam
2168 2229 2300 2291 vidi
2330 2228 2729 2313 epigraphen
2757 2229 3283 2291 PIETASNTIL
3308 2263 3335 2277 -
3358 2263 3386 2279 -

1897 2329 2202 2392 nimirum
2258 2352 2328 2391 το
2383 2331 2696 2393 ΡΙΕΤΑΒ
2741 2343 2941 2391 restat
2986 2348 3067 2391 ex
3112 2332 3386 2396 matrice

1897 2443 2156 2504 vetere,
2235 2453 2305 2492 το
2381 2431 2590 2493 N'I‘IL
2636 2463 2663 2477 -
2705 2428 2786 2491 ad
2862 2432 3388 2513 DryaNTtnlam

1897 2531 2204 2615 pertinet.
2263 2533 2434 2595 Satis
2478 2546 2775 2615 apparet,
2817 2547 3169 2617 utrumque
3213 2534 3386 2598 hunc

1900 2654 2165 2691 numum
2213 2652 2360 2694 esse
2403 2652 2729 2705 recusum,
2773 2645 2838 2693 et
2883 2646 3070 2695 antea
3114 2634 3384 2699 alterius

1900 2732 2266 2815 Augustae,
2326 2747 2393 2795 et
2438 2730 3063 2797 Seckendorfianum
3114 2733 3383 2817 quidem

1899 2832 2104 2896 fuisse
2142 2830 2438 2897 MaeSAe
2475 2835 2673 2901 AVG.
2709 2852 2864 2896 cum
2906 2853 3133 2897 aversa
3174 2836 3387 2901 Pvds-

1901 2939 2128 3011 ciliae,
2168 2925 2479 2998 'alterum
2539 2934 2985 2999 Garellianum
3047 2934 3389 3017 cujuscun-

1901 3058 2029 3123 que
2067 3040 2340 3105 lVLIAe
2372 3058 2521 3101 cum
2553 3057 2787 3100 aversa
2817 3038 3128 3099 PIETAS
3148 3082 3165 3113 ,
3207 3038 3389 3122 quod

1901 3154 2181 3223 arguunt
2216 3137 2519 3202 residuae
2548 3139 2779 3201 literae
2800 3137 3058 3220 prioris
3099 3138 3387 3225 matricis

1904 3241 2142 3301 mixtae
2220 3260 2368 3301 cum
2448 3240 2660 3300 literis
2724 3239 3010 3301 matricis
3071 3240 3388 3302 noviciae.

1903 3340 2120 3400 Alium
2156 3337 2348 3418 hujus
2373 3338 2703 3418 Augustae
2734 3341 2797 3399 in
2837 3353 3214 3402 exterorum
3252 3362 3387 3402 mu·

1902 3458 2165 3501 aeorum
2260 3436 2574 3519 catalogis
2656 3438 2946 3501 nondum
3032 3440 3387 3503 memorari

1882 3533 2059 3603 'vidi.

2027 3641 2189 3701 Eam
2242 3657 2348 3700 me
2387 3637 2613 3721 :judice
2657 3659 2789 3702 non
2830 3660 3027 3722 posse
3070 3654 3386 3727 opportu-

1903 3741 2048 3802 nius
2102 3738 2376 3820 sociari,
2432 3760 2621 3823 quam
2670 3743 3066 3825 Regaliano,
3111 3761 3390 3826 sequen·

1903 3843 1990 3904 tia
2023 3841 2328 3905 videntur
2367 3841 2788 3925 persuadere.
2873 3844 2923 3907 1.
2973 3842 3134 3927 Ejus
3169 3839 3406 3906 hacto-⁶

1906 3964 2024 4005 nus
2067 3943 2246 4004 numi
2278 3943 2345 4002 in
2376 3943 2515 4004 sola
2539 3943 2916 4027 Hungaria,
2961 3959 3027 4006 et
3061 3942 3387 4025 contiguis

1901 4044 2257 4127 provinciis
2299 4043 2551 4128 reperti
2594 4059 2779 4121 sunt,
2826 4065 2973 4129 que
3016 4045 3230 4128 palam
3273 4043 3389 4107 do·

1904 4165 2130 4207 cemur
2183 4142 2389 4207 fuisse
2446 4163 2722 4207 uxorem
2782 4145 2973 4207 unius
3032 4166 3115 4208 ex
3173 4154 3388 4227 tyran·

1900 4246 2036 4321 nis,
2102 4245 2216 4330 qui
2272 4245 2622 4328 imperium
2681 4245 2806 4307 sibi
2864 4245 2932 4307 in
2988 4246 3116 4310 hoc
3173 4259 3386 4309 tractu

1899 4366 2023 4431 per
2068 4345 2199 4410 vim
2253 4361 2628 4424 extorsere,
2671 4347 2878 4432 qualis
2913 4361 3056 4409 erat
3088 4346 3388 4430 Regalia-

1898 4470 2040 4512 nus.
2086 4450 2168 4513 11.
2197 4447 2495 4526 Fabrica,
2539 4470 2622 4514 ac·
2638 4449 2976 4514 literarum
3006 4448 3218 4511 forma
3255 4460 3386 4511 tam
