4652 5937
1187 496 1329 568 248
1456 572 1461 577 .

1185 676 1329 724 tans
1361 655 1576 730 dedit,
1630 652 1756 736 jam
1803 651 1927 714 fuit
1960 665 2237 712 numero
2277 642 2666 718 secundum,

1181 775 1254 825 ut
1282 757 1650 824 videbimus
1683 755 1750 816 in
1787 751 2001 815 numis
2034 749 2184 813 anni
2215 745 2549 830 sequentis
2574 745 2670 806 in·

1186 861 1480 944 scriptis:
1523 859 1686 918 LIB.
1707 857 1786 917 11.
1820 846 1963 916 TR.
1995 855 2068 914 Ρ.
2103 854 2183 913 11.
2229 851 2439 934 Igitur
2458 845 2669 930 prima

1186 965 1349 1026 haec
1383 959 1741 1024 liberalitas
1769 1001 1785 1034 ‚
1846 973 2036 1041 quam
2078 953 2398 1016 adductus
2435 966 2672 1009 numus

1108 1132 1117 1143 ¹
1181 1063 1546 1150 praedicat,
1607 1058 1693 1123 ob
1735 1042 2216 1121 successionem
2267 1053 2336 1114 in
2386 1048 2672 1134 imperio

1183 1178 1451 1248 erogata
1498 1162 1655 1237 fuit,
1740 1173 1810 1222 et
1856 1157 2116 1241 quidem
2175 1155 2255 1217 ab
2307 1150 2671 1240 Elagabalo

1182 1268 1490 1341 absente,
1566 1262 1752 1345 cujus
1815 1258 2189 1341 exemplum
2242 1255 2312 1316 in
2375 1229 2672 1316 Macrino

1181 1385 1444 1451 quoque
1480 1363 1797 1438 vidimus,
1863 1373 1929 1422 et
1960 1357 2165 1420 altera
2201 1355 2355 1419 anni
2389 1352 2674 1438 proximi

1180 1467 1266 1529 ob
1306 1465 1447 1548 ejus
1483 1464 1551 1526 in
1594 1462 1826 1525 urbem
1863 1446 2245 1532 adventum,
2309 1469 2421 1518 aut
2452 1454 2672 1519 verius

1178 1567 1266 1630 ob
1331 1566 1586 1650 nuptias
1631 1564 1910 1637 Paulae,
1991 1579 2265 1643 quarum
2322 1556 2670 1621 occasione

1175 1667 1382 1732 fuisse
1426 1688 1578 1730 eum
1629 1667 1699 1727 in
1737 1681 1965 1728 omnes
1997 1659 2262 1724 ordines
2297 1656 2677 1720 munificum

1177 1768 1378 1832 tradit
1429 1768 1559 1829 Dio
1594 1768 1677 1846 ⁸).
1765 1768 2017 1827 Numus
2067 1779 2381 1845 praesens
2443 1758 2678 1822 subae-

1178 1885 1359 1934 ratus
1408 1867 1672 1953 quidem
1722 1880 1860 1941 est,
1936 1878 2131 1949 atque
2182 1861 2305 1925 hac
2353 1861 2436 1924 de
2481 1879 2675 1923 causa

1181 1966 1584 2035 auctoritatis
1622 1988 1744 2052 per
1778 1985 1848 2028 se
1882 1966 2071 2045 levis.
2147 1968 2398 2026 Tamen
2435 1975 2503 2024 et
2534 1963 2676 2023 Me·

1181 2072 1537 2136 diobarbus
1573 2089 1850 2133 aeneum
1896 2064 2473 2141 cum-liberalitate
2523 2061 2675 2124 sim·

1176 2174 1351 2260 plice
1397 2172 1663 2246 recitat,
1728 2184 1792 2233 et
1829 2189 1977 2231 cum
2014 2180 2266 2230 certum
2317 2165 2414 2227 sit.
2439 2185 2521 2227 ex
2556 2185 2675 2226 nu·

1176 2276 1298 2336 mis
1332 2273 1535 2335 fuisse
1564 2271 2000 2355 ‘Elagabalum
2036 2286 2204 2330 anno
2239 2280 2554 2349 sequente
2595 2267 2674 2328 li·

1172 2376 1467 2438 bez-alem
1502 2373 1817 2447 secundo,
1862 2369 2292 2449 indubitatum
2316 2381 2435 2443 est,
2480 2387 2670 2451 prae-

1178 2477 1455 2539 cessisse
1502 2473 1729 2550 aliam,
1793 2490 2069 2557 eamque
2122 2489 2295 2535 anno
2335 2467 2670 2553 praesenti

1175 2573 1659 2662 adsignandam.
1892 2650 1895 2653 Ἴ
1916 2648 1922 2655 Π

1522 2760 1525 2763 ,
1731 2718 1772 2756 ι
1929 2676 1968 2713 “
2095 2717 2136 2757 e

1464 2783 1546 2841 Vt
1587 2781 1690 2841 lit.
1723 2780 1824 2839 F.'
2541 2848 2546 2851 .

1172 2879 1678 2945 NOBILITAS.
1761 2880 1995 2940 Mulier
2050 2887 2231 2938 stans
2281 2880 2343 2937 d.
2397 2879 2668 2952 hastam,

1176 3005 1225 3046 s.
1270 2973 1708 3044 Victoriola'm.
1770 2980 1908 3039 AR.
1984 2980 2177 3056 (Mus.
2218 2978 2431 3057 Caes.)

1300 3081 1734 3164 Perspicuum
1787 3093 1927 3152 est,
1970 3077 2332 3161 Elagabalo
2372 3078 2676 3142 nobilita·

1177 3198 1313 3256 tem
1351 3181 1554 3254 fuisse
1599 3179 1925 3254 debitam,
1991 3198 2072 3241 ex
2120 3200 2249 3264 quo
2299 3181 2673 3258 Caracallae

1179 3304 1252 3347 se
1278 3283 1485 3346 filium
1517 3282 1699 3372 ferre
1725 3280 2082 3345 constituit.
2125 3283 2338 3364 Supra
2369 3281 2673 3359 diximus,

1182 3398 1624 3450 commentum
1666 3382 1840 3462 istud
1887 3386 2147 3446 Maesae
2184 3384 2430 3462 fuisse,
2477 3405 2676 3469 quan-

1179 3509 1409 3573 quam,
1468 3486 1576 3550 cni
1612 3497 1804 3547 notus
1841 3484 2216 3563 Caracalla,
2278 3484 2672 3550 incredibile

1178 3586 1398 3655 ‘videri
1444 3607 1576 3669 non
1619 3586 1892 3663 debeat,
1937 3586 2039 3648 illi
2080 3608 2229 3651 cum
2263 3587 2672 3662 Soaemiade‚

1175 3709 1311 3773 quo
1361 3701 1662 3770 tempore
1707 3688 1774 3748 in
1814 3688 1960 3749 aula
2003 3690 2421 3766 versabatur,
2483 3687 2676 3751 illici·

1073 3850 1077 3854 .
1181 3803 1319 3851 tum
1353 3788 1817 3852 commercium
1854 3787 2342 3863 intercessisse,
2399 3810 2534 3851 non
2565 3789 2673 3852 ab·

1179 3888 1500 3953 horrente
1564 3886 1645 3949 ab
1710 3908 1787 3950 ea
1844 3889 2216 3973 suspicione
2268 3889 2670 3954 Herodiano.

1185 3990 1393 4054 Istud
1413 3990 1469 4051 si
1516 4010 1786 4062 verum,
1847 3990 2160 4054 miserum
2209 4012 2364 4056 sane
2410 4012 2664 4069 aevum,

2316 442 3248 557 ELAGABALVS.⁴

2781 643 2990 711 D1v1.
3041 638 3306 703 MAGm·
3346 637 3797 704 ANTONLM.
3851 638 4017 704 Fu..
4077 640 4300 705 mvl.

2783 743 3129 821 SEVERI.
3164 745 3282 806 NE
3291 745 3361 806 P.

3358 841 3729 935 nef*-

3007 962 3012 965 '
3072 951 3314 1011 Amica
3353 950 3559 1009 varia.

2784 1052 2859 1112 P.
2894 1052 2984 1112 M.
3015 1050 3158 1110 ΤΒ.
3194 1052 3267 1112 P.
3297 1046 3488 1113 Cos.
3517 1052 3592 1111 P..
3627 1051 3703 1111 P.
3733 1051 3880 1111 vel.-
3924 1046 4294 1112 PONTIF.

2787 1149 2999 1215 Max.
3035 1142 3188 1212 ΤΠ.
3235 1154 3310 1212 Ρ.
3352 1156 3557 1215 Roma
3595 1154 3822 1213 sedem
3863 1153 3924 1210 d.
3969 1151 4298 1212 Victorio-

2788 1255 2939 1327 Iam,
2983 1274 3036 1315 s.
3069 1257 3342 1316 kastam.
3384 1254 3525 1315 AR.
3570 1254 3707 1315 AE.
3750 1256 3801 1313 1.
3847 1252 3930 1314 11.

2912 1354 3214 1437 Reliqui:
3263 1352 4032 1420 SALVS.ANTON1N1.
4075 1352 4294 1421 AVG.

2783 1484 2872 1502 ·-
2928 1455 3878 1522 VICTORIA.ANTONIN1.
3946 1450 4150 1521 AV.G
4194 1487 4294 1500 --

2787 1555 3054 1624 VOTA.
3104 1534 3502 1625 PVBLICA.
3560 1557 3834 1645 aliique,
3908 1552 4297 1640 inscriptio·

2791 1658 3023 1736 nibus,
3067 1672 3136 1722 et
3167 1658 3337 1742 typis
3369 1656 3601 1721 obviis.

3140 1866 3214 1926 V.
3262 1812 3325 1925 C.
3379 1870 3529 1928 972.
3570 1865 3642 1925 P.
3691 1864 3771 1924 X·
3803 1868 3953 1928 219.

2924 1968 3051 2027 ΤΒ.
3096 1966 3169 2025 P.
3212 1966 3302 2026 11.
3352 1966 3529 2026 COS.
3573 1967 3664 2026 ΙΙ.
3709 1965 3778 2025 Ρ.
3825 1963 3913 2025 Μ.
3958 1964 4030 2023 Ρ.
4076 1965 4147 2023 P.

2859 2066 3191 2127 Antoniae
3222 2068 3392 2145 Any.
3429 2068 3519 2128 11.
3556 2067 3904 2128 Sacerdote
3937 2065 4028 2127 11.
4062 2082 4189 2127 coe.

2873 2356 2876 2363 Ι
2899 2268 3145 2331 Consul
3158 2268 3395 2331 iterum
3412 2265 3836 2332 Nicomediae
3853 2264 4153 2350 procedit
4183 2263 4260 2345 b)
4272 2309 4294 2329 .

2786 2371 3063 2443 Romam
3098 2367 3580 2453 proficiscitur,
3626 2367 3998 2451 spectacula
4029 2370 4295 2452 magni-

2725 2500 2734 2515 =
2782 2469 2905 2536 fica
2958 2470 3257 2542 instruit,
3327 2469 3435 2535 dei
3480 2468 3823 2552 Elagabali
3877 2468 4124 2535 cultum
4183 2470 4293 2531 in·

2781 2573 2989 2638 trudit
3022 2584 3357 2637 exstructo
3403 2571 3464 2635 ei
3496 2566 3862 2656 ῑθωΡ10,0)’.

3507 2671 3546 2711 O

3672 2714 3713 2754 0

3341 2715 3381 2755 fi

3081 2780 3166 2838 Vt
3205 2780 3307 2839 lit.
3346 2781 3425 2840 G.
3469 2784 3534 2837 et
3554 2778 3633 2836 Ε.

2788 2875 3781 2947 ADVENTVS.AVGVS'11.

2788 3000 2978 3064 eques
2997 2984 3444 3068 pacificatoris
3465 2982 3707 3042 habitu.
3752 2976 3893 3046 AV·
3931 2978 4072 3041 AE.
4116 2979 4165 3039 1.
4194 2980 4287 3044 11.

2791 3083 2988 3163 (Mus.
3023 3083 3247 3162 Caes.)

2819 3183 2822 3186 ’
2914 3184 3112 3244 Numi
3144 3183 3213 3246 hi
3245 3204 3329 3249 ex
3367 3183 3543 3248 facto
3577 3181 3659 3245 ad
3687 3179 3866 3244 hunc
3898 3197 4134 3252 annum
4171 3200 4283 3246 re-

2790 3280 3088 3348 vocandi.
3491 3341 3492 3344 ,
3969 3259 4003 3272 “
4272 3271 4280 3277 ’

3516 3384 3555 3424 s

3351 3426 3392 3469 a

3081 3492 3167 3552 Vt
3206 3489 3304 3550 lit.
3330 3491 3413 3550 Α.
3460 3498 3527 3551 et
3550 3491 3625 3548 B.

2789 3587 3163 3657 CONSVL.
3199 3590 3278 3648 11.
3325 3592 3546 3651 addito
3587 3592 3659 3650 in
3685 3590 3881 3650 aliiae

2787 3696 3003 3777 quitus
3033 3702 3231 3753 stans.
3276 3688 3417 3752 AR.
3462 3692 3663 3771 (Mus.
3697 3689 3916 3772 Caes.)

3080 3794 3166 3854 Vt
3205 3793 3302 3853 lit.
3341 3796 3420 3855 G.

2781 3894 2950 3956 LIB.
3013 3893 3191 3960 AVG
3233 3893 3313 3951 11.
3375 3894 3452 3953 Ρ.
3512 3891 3604 3951 Μ.
3651 3896 3790 3956 TR.
3831 3896 3910 3956 P.
3956 3896 4037 3957 11.
4083 3892 4277 3956 COS.

2781 3996 2860 4057 11.
2894 3997 2968 4060 P.
2996 3997 3071 4056 P.
3115 3998 3468 4072 Imperator·
3504 3997 3576 4055 in
3608 4008 3910 4078 wqqestu
3938 3998 4279 4077 σαπρίαν-ἕο

3920 3588 3998 3654 P.
4030 3589 4107 3652 P.
4151 3595 4283 3651 Ae·

1126 4131 1145 4154 x
1182 4114 1316 4178 quo
1350 4092 1739 4154 adulterium
1791 4110 1920 4153 non
1961 4091 2323 4172 infamiam,
2394 4094 2512 4157 sed
2550 4115 2668 4157 no·-
2768 4100 3116 4178 praesidet.
3178 4095 3320 4160 AV.
3379 4096 3579 4175 (Mus.
3627 4099 3785 4161 olim
3836 4098 3919 4161 de
3968 4096 4283 4178 France.)

1186 4194 1508 4257 bilitatem
1556 4193 1796 4255 intulit.
1853 4196 2052 4280 Atqui
2105 4197 2477 4261 caracallae
2522 4215 2673 4260 eum

1185 4295 1392 4358 filium
1420 4294 1685 4379 publice
1724 4295 1926 4358 fuisse
1957 4297 2287 4379 agnitum,
2333 4295 2674 4362 coufirmat

1186 4396 1628 4480 fragmentum
1700 4395 1977 4460 fratrum
2063 4399 2401 4463 Arvalium
2479 4422 2674 4484 supra

1186 4496 1558 4573 laudatum,
1649 4497 1719 4559 in
1783 4519 1913 4583 quo
1971 4500 2369 4586 Elagabalus
2436 4502 2676 4569 dicitur

2786 4200 3019 4271 Alius,
3075 4208 3152 4260 ut
3183 4200 3279 4259 lit.
3320 4201 3409 4272 E,
3452 4209 3517 4262 et
3544 4206 3846 4281 scriptum
3871 4199 4281 4262 LIBERAL.

2788 4300 2926 4362 AE.
2974 4299 3171 4380 (Mus.
3217 4298 3454 4388 Caes.)-
3480 4305 3559 4363 In
3588 4306 3785 4364 aliis.-
3836 4287 4286 4363 LIBERALl-

2791 4405 2847 4463 '1
2856 4402 2980 4463 AS.
3008 4401 3211 4466 AVG.
3228 4403 3309 4464 11.
3333 4402 3479 4465 vel:
3508 4405 3980 4495 LtBERApl'r
3983 4405 4112 4467 AS.
4132 4402 4290 4470 AV·

2790 4504 3075 4570 GVSTI.
3095 4505 3173 4565 11.
3200 4506 3592 4566 Liberalitas
3623 4516 3822 4568 stam.
3855 4508 3993 4570 AR.
4020 4504 4159 4569 AE.
4189 4503 4275 4566 11·

1221 4655 4260 4689 m——NJ

1268 4727 1329 4799 a)
1370 4725 1435 4783 L.
1474 4703 1739 4784 L'xmx.
1779 4729 1825 4800 ς.
1857 4742 1912 4802 9.

2057 4728 2128 4804 b)
2165 4730 2279 4792 Dio
2317 4731 2382 4789 Ι..
2421 4730 2684 4789 ιΧΧιΧ.
2727 4732 2775 4802 ς.
2810 4739 2866 4792 s.

3013 4736 3073 4806 c)
3111 4731 3442 4794 Herodian.

3924 2879 4288 2955 Imperator
4418 2948 4427 2954 ,
