4652 5937
1346 492 1477 641 Τ.
1537 530 2273 629 QVARTIst.
2531 556 2536 559 ·
3234 559 3376 647 299

323 723 573 789 tolinus
602 723 699 805 ¹¹),
739 722 1052 797 Belenus,
1097 718 1237 785 sive
1263 719 1504 803 Apollo
1533 719 1601 782 in
1621 719 1821 804 Aqui·
2494 763 2534 803 0
2660 719 2699 760 ⁶
2823 754 2862 803 ἆ

323 829 500 892 leiae
533 827 874 892 obsidione
912 842 1034 906 pro
1093 821 1432 907 oppidanis
1461 821 1680 898 stetit,
1724 822 1822 885 vi·
2056 820 2257 885 Numi
2309 820 2589 910 reliquit
2662 823 2942 890 PRINC.
3002 828 3421 905 IVVEN'I'V.

326 927 570 1015 susque
606 943 710 993 est
745 948 780 989 a
811 923 1151 989 Maximini
1188 922 1507 1002 militibus
1532 923 1819 1009 desuper
1928 923 2073 990 TIS
2118 921 2319 992 obvii.
3359 944 3362 945 ⁷

323 1052 452 1116 pro
488 1032 657 1096 urbe
695 1046 1011 1116 pugnare.

1628 1325 1825 1390 PBE
1844 1324 2119 1389 TIVM.

734 1533 1070 1597 commatis
1113 1529 1390 1593 Romam*
1402 1549 1424 1590 ε
1743 1589 1749 1592 ,

922 1635 1180 1697 Aureus
1218 1632 1286 1691 in
1317 1646 1546 1692 museo
1578 1626 1935 1708 Caesareo²
1980 1612 2159 1693 forte
2297 1671 2315 1689 .
2403 1670 2422 1691 .
2509 1673 2528 1691 .
2618 1675 2636 1696 .
2720 1633 2977 1699 unicum

918 1732 1242 1817 Argentei
1343 1770 2317 1796 ..........
2398 1762 2424 1792 Δ.
2514 1773 2535 1795 .
2623 1776 2643 1796 .
2729 1736 2874 1798 mt.

920 1834 1132 1897 Aenei
1174 1832 1223 1893 1.
1269 1844 1335 1894 et
1381 1833 1462 1895 Π.
1507 1830 1787 1897 formae·
1828 1878 1899 1907 ,.
1984 1860 2006 1896 s
2094 1876 2112 1895 .
2202 1876 2221 1897 .
2307 1856 2326 1896 ε
2418 1875 2438 1898 .
2522 1876 2543 1898 .
2632 1877 2651 1898 .
2739 1836 2815 1901 C.

929 1934 1139 1998 Aenei
1176 1935 1288 1999 111.
1326 1932 1579 1996 formae
1666 1975 2643 2004 ..........
2733 1937 2817 2004 Ο.

730 2039 1068 2103 commatis
1093 2039 1423 2117 pereyo-im·
1438 2057 1464 2097 .·
2558 2101 2566 2113 ,

917 2137 1198 2206 Vrbium
1242 2136 1601 2200 liberarum
1645 2149 1713 2201 et
1758 2122 2166 2202 coloniarum
2209 2179 2656 2203 .....
2742 2138 2888 2204 RB.

920 2236 1351 2303 Alexandrini
1462 2281 1484 2301 .
1569 2278 1593 2299 .
1678 2282 1709 2302 .-
1762 2260 1799 2301 ·.
1889 2286 1910 2307 .
1995 2259 2045 2304 .·
2098 2278 2659 2306 ......
2743 2240 2892 2307 ΗΒ.

1481 2559 1551 2621 T.
1640 2559 1696 2636 ρ
1717 2558 1908 2620 VAR
1933 2557 2278 2623 TJNVS.

457 2745 709 2827 Tycum
734 2784 753 2816 ‚
798 2738 907 2804 vel
956 2736 1176 2802 Titum
1227 2739 1602 2825 quempiam
1636 2740 1824 2823 Capi·
1941 2733 2571 2820 capulo-adiutumae
2593 2737 3240 2808 CONSECRATIO.
3261 2746 3424 2809 Ara.

330 2846 579 2912 tolinus
615 2844 683 2906 in
718 2839 1076 2905 Maximino
1100 2886 1115 2913 ‚
1162 2855 1228 2904 et
1265 2841 1640 2904 Trebellius
1672 2842 1826 2904 Pol-
1935 2842 2186 2915 Verum
2215 2841 2370 2905 satis
2400 2856 2706 2926 apparet,
2751 2863 2899 2906 eum
2933 2863 3081 2907 esse
3107 2843 3243 2906 Titi
3263 2843 3430 2911 Ves-

329 2949 429 3012 lio
473 2946 544 3008 in
592 2948 899 3028 Tyranno
949 2943 1181 3005 XXIX.
1226 2943 1305 3006 ab
1346 2943 1714 3009 Osrhoenis
1755 2941 1823 3003 in
1936 2942 2219 3026 pasiani,
2260 2956 2329 3006 et
2378 2962 2460 3007 ex
2503 2963 2734 3008 eorum
2774 2965 3095 3024 numero,
3140 2946 3252 3031 qui
3303 2946 3430 3009 cir-

331 3047 688 3114 Germania
753 3044 1185 3106 militantibus
1246 3060 1474 3108 contra
1528 3046 1827 3110 Maximi·
1940 3063 2089 3106 cum
2152 3058 2455 3129 tempora
2516 3046 2917 3109 'l'reboniani
2977 3047 3046 3108 in
3104 3047 3430 3113 honorem

329 3172 487 3214 num
531 3148 961 3212 adclamatum
1021 3143 1484 3228 imperatorem
1536 3147 1820 3209 tradunt.
1940 3148 2291 3210 Caesarum
2335 3161 2868 3211 consecratorum
2906 3150 3205 3233 percussi
3257 3161 3431 3229 sunt,

327 3253 500 3314 Eum
542 3246 928 3343 Quartinum
969 3247 1256 3328 appellat
1287 3247 1701 3311 Herodianus
1733 3243 1823 3329 l³),
1939 3247 2118 3331 quod
2150 3249 2278 3330 jam
2316 3246 2482 3309 vidit
2517 3250 2818 3314 Valesius
2851 3250 2936 3329 c).
3022 3254 3172 3317 Huc
3208 3251 3264 3314 si
3296 3252 3434 3316 ani-

337 3350 744 3448 Quarciuum
802 3342 1298 3413 mediobarbus.
1384 3350 1620 3414 Paullo
1673 3366 1827 3437 post
1940 3370 2119 3410 mum
2180 3347 2571 3409 advertisset
2612 3351 2970 3430 Apostolus
3013 3354 3237 3427 Zeno,
3295 3372 3432 3417 non

338 3472 631 3537 purpura
673 3460 739 3509 et:
777 3448 905 3511 vita
944 3447 1225 3512 exuitur.
1942 3450 2068 3511 sibi
2105 3448 2464 3532 gratulatus
2499 3445 2728 3509 fuisset
2751 3493 2768 3522 ‚
2814 3449 2941 3512 sibi
2987 3450 3179 3532 hujus
3215 3468 3435 3534 tyran-

468 3551 642 3615 Huic
675 3548 1143 3611 Mediobarbus
1193 3561 1339 3632 post
1378 3547 1674 3611 Stradam
1714 3573 1827 3612 nu·
1939 3551 2010 3612 ni
2043 3568 2311 3612 numum
2336 3590 2355 3624 ‚
2399 3547 2526 3609 etsi
2550 3567 2703 3611 caro
2741 3564 3074 3637 emptum,
3112 3554 3180 3615 in
3200 3574 3431 3618 manua

340 3675 516 3718 mum
562 3664 947 3736 argenteum
984 3650 1248 3713 tribuit:
1306 3649 1552 3719 D1v0.
1588 3652 1826 3718 ΤΙΤΟ.
1944 3650 2202 3719 venisse
2237 3645 2326 3730 d).

924 3962 1552 4027 GORDIANVS
1602 3969 1688 4031 'I.
1775 3963 2395 4028 AFRICANVS
2472 3964 2834 4029 PATER.

469 4169 675 4231 Natus
721 4183 803 4228 ex
835 4163 1083 4227 illustri
1116 4185 1360 4247 genere
1407 4179 1592 4250 patre
1624 4168 1834 4250 Metio
1949 4165 2187 4228 muniis
2238 4178 2492 4226 mature
2539 4164 2837 4228 admotus
2882 4182 3179 4251 magnam
3225 4192 3260 4233 a
3297 4191 3435 4235 mo·

346 4269 671 4342 Marullo,
717 4280 926 4328 matre
973 4267 1165 4350 leia
1218 4266 1588 4343 Gordiana‚
1655 4289 1834 4331 eum·-
1951 4264 2290 4326 'deratione
2338 4266 2744 4350 reliquisque
2799 4269 3148 4331 virtutibus
3192 4269 3436 4342 famam

347 4392 475 4456 que
538 4389 686 4434 cum
732 4366 1276 4460 HerodepAttico
1339 4369 1650 4451 sanguine
1692 4353 1862 4450 jun-⁸
1953 4381 2053 4429 est
2089 4366 2399 4449 adeptus,
2446 4370 2798 4450 praecipue
2855 4390 2889 4430 a
2927 4368 3434 4454 magnificentia,

349 4487 528 4538 ctum
583 4469 851 4553 conjicit
896 4467 1204 4530 Olearius
1252 4471 1330 4541 ο).
1405 4469 1832 4554 Reipublicae
1951 4482 2017 4531 et
2067 4468 2507 4543 liberalitate,
2569 4490 2761 4551 quam
2819 4468 2884 4530 in
2935 4470 3266 4537 aedilitate
3312 4493 3438 4559 per

411 4709 475 4774 a)
515 4704 580 4760 in
619 4700 938 4760 Max³mino
979 4718 1029 4758 c.
1069 4711 1157 4761 22.
1234 4771 1241 4776 .
1355 4697 1422 4770 b)
1461 4699 1523 4754 L.
1563 4699 1692 4759 vlt.
1735 4719 1783 4755 c.
1826 4712 1875 4757 l.
1912 4743 1917 4746 .
2076 4703 2135 4772 c)
2175 4699 2239 4756 B.
2278 4699 2343 4761 L.
2382 4699 2450 4758 T.
2495 4700 2623 4758 ΧΠ.
2661 4719 2724 4778 p.
2761 4712 2891 4766 310·
3094 4701 3165 4778 d)
3201 4704 3432 4764 Lettere

338 4791 509 4852 '1‘me
543 4795 611 4854 11.
645 4813 705 4868 p.
742 4802 869 4856 282.
1045 4793 1119 4854 el
1143 4788 1613 4864 Philoni-„vitae
1654 4789 1838 4867 Soph.
1879 4809 1939 4866 p.
1979 4795 2113 4863 479.

795 4914 805 4922 ·
2818 4884 2874 4944 P
2899 4905 2940 4965 p
2988 4900 3025 4943 2
