4652 5937
1425 446 1570 534 446

1419 629 1592 689 festo
1643 639 2062 703 argumento,
2124 632 2191 679 ut
2235 617 2364 700 jam
2409 616 2760 679 indicatum
2807 639 2911 678 su-

1419 747 1575 812 pra.
1632 728 2053 798 Postumum,
2116 734 2186 782 ut
2244 719 2459 807 omnia
2518 720 2594 779 ad
2655 741 2906 780 morem

1419 833 1865 890 Romanorum
1912 823 2283 897 constituit,
2347 821 2434 882 ita
2479 841 2662 883 suum
2709 819 2904 882 etiam

1414 930 1480 990 in
1529 927 1741 990 Gallia
1785 925 2090 989 habuisse
2135 936 2450 987 senatum.

1835 1133 2118 1194 Nomina
2162 1132 2447 1190 Postumi
2449 1169 2464 1186 .

1529 1333 1729 1398 Numi
1764 1333 1927 1398 nihil
1977 1333 2126 1416 plus
2171 1329 2461 1404 offerunt
2498 1338 2761 1410 praeter
2799 1325 2891 1384 M.

1398 1437 1581 1502 CAS.
1642 1440 1841 1500 LAT.
1909 1433 2017 1495 vel
2088 1434 2313 1493 LATI.
2379 1425 2886 1499 POSTVMVS,

1398 1518 1682 1622 cumque
1726 1538 1866 1618 ejus
1909 1535 2170 1595 nomina
2206 1531 2377 1614 apud
2416 1533 2750 1593 Victorem
2796 1526 2889 1588 le·

1398 1655 1716 1722 gerentur
1739 1639 1995 1697 Cassius
2014 1638 2334 1695 Labienus
2360 1635 2710 1703 Postumus,
2748 1647 2887 1690 cre·

1402 1741 1609 1800 ditum
1663 1756 1755 1797 ex
1811 1737 1938 1795 hoc
1997 1748 2257 1793 truncas
2304 1751 2648 1792 numm-um
2694 1748 2886 1790 voces

1394 1837 1751 1922 explendas
1782 1832 2100 1917 legendo:
2142 1838 2230 1895 M.
2271 1833 2528 1894 Cassius
2557 1818 2883 1902 badonas,

1391 1938 1813 2020 Victorisque
1851 1935 2294 2010 testimonium
2345 1953 2429 1994 ex
2485 1932 2696 1992 numis
2742 1951 2885 1992 cor-

1382 2039 1756 2124 rigendum.
1838 2037 2064 2099 Serius
2118 2036 2172 2096 F
2178 2036 2468 2098 abrettus
2517 2033 2886 2114 inscriptio-

1389 2160 1543 2204 nem
1603 2140 1878 2223 protulit
1935 2138 2001 2199 in
2063 2137 2306 2221 oppido
2356 2134 2609 2214 Guadix
2661 2154 2886 2217 reper-

1389 2256 1554 2318 tam,
1600 2242 1665 2302 in
1706 2263 1830 2324 qua
1870 2239 2011 2320 ejus
2047 2241 2309 2300 nomina
2349 2236 2881 2321 perscribuntur:

1385 2346 1565 2405 IMP.
1623 2342 1866 2404 CAES.
1920 2343 2007 2399 M.
2067 2337 2589 2405 CASSIANIVS.
2649 2336 2882 2424 LA-'rt-

1386 2443 1610 2511 NIVS.
1673 2440 2172 2507 POSTVMVS.
2224 2441 2446 2502 PlVS.
2505 2438 2700 2498 FEL.
2764 2439 2881 2497 IN-

1383 2543 1724 2610 Vlc'rVS.
1789 2538 1993 2605 AVG.
2063 2541 2265 2604 GER.
2334 2542 2544 2601 MAx.
2611 2538 2876 2601 PON'r.

1280 2677 1296 2683 -
1383 2647 1598 2707 MAX.
1670 2644 1900 2706 Tmss.
1966 2643 2169 2704 Po’r.
2239 2638 2430 2704 COS.
2491 2643 2601 2702 111.
2660 2642 2733 2701 Ρ.
2799 2641 2874 2701 Ρ.

1380 2743 1618 2809 PROC
1652 2746 1734 2825 ⁸).
1796 2746 1959 2806 Eam
2004 2744 2210 2826 ipsam
2255 2742 2545 2804 restituit
2589 2746 2877 2803 Murato-

1379 2839 1554 2923 rius‚
1632 2857 1905 2909 testatus
1957 2859 2213 2905 exstare
2264 2839 2607 2904 Cordubae
2639 2839 2743 2918 l³),
2801 2855 2873 2902 ut

1382 2944 1548 3011 adeo
1594 2945 1839 3028 ambigi
1881 2964 2013 3006 non
2057 2942 2296 3025 possit,
2361 2942 2501 3023 ejus
2558 2962 2714 3005 vera
2756 2963 2872 3003 no·

1378 3045 1550 3107 mina
1588 3045 1825 3107 fuisse:
1889 3050 1977 3106 M.
2014 3048 2387 3105 Cass-ionius
2422 3046 2721 3105 Latinius
2752 3047 2872 3109 Po-

1376 3160 1638 3210 stumus.
1685 3128 1929 3224 ignavo
1969 3143 2310 3206 Trebellio
2358 3155 2731 3206 constanter
2775 3144 2869 3206 di-

1374 3249 1549 3313 citur
1566 3224 1575 3234 ι
1591 3250 2012 3310 Posthumius.

1451 3433 1549 3517 Do
1590 3454 1736 3515 trib.
1772 3460 2122 3530 potestate,
2165 3461 2230 3513 et
2269 3454 2461 3512 initio
2504 3452 2777 3529 imperit.

1255 3728 1260 3735 ¹
1304 3722 1310 3727 ,
1496 3652 1842 3717 Trebellio
1895 3665 2064 3715 teste
2114 3650 2461 3734 imperavit
2508 3653 2858 3713 Postumus

1368 3753 1549 3821 annis
1586 3757 1728 3821 vll.
1771 3755 1936 3817 Cum
1975 3752 2300 3834 Eutropio
2335 3765 2400 3811 et
2439 3748 2682 3813 Orosio
2716 3750 2858 3833 ejus

1360 3855 1713 3941 imperium
1767 3853 1950 3916 annis
1998 3855 2081 3915 X.
2134 3850 2596 3914 definientibus
2648 3852 2856 3936 magis

1364 3956 1742 4041 conspirant
1794 3965 2215 4017 monumenta
2276 3953 2677 4032 certissima,
2738 3977 2855 4017 nu-

1363 4079 1509 4121 mos
1543 4055 1885 4140 intelligo,
1927 4074 2205 4139 quorum
2249 4075 2381 4117 non
2420 4056 2613 4139 pauci
2649 4055 2855 4118 tribu.

1308 4157 1584 4223 ‘natum
1636 4158 1756 4236 Σ,
1818 4169 1887 4219 et
1932 4153 2110 4240 quod
2165 4154 2444 4239 amplius
2493 4172 2631 4235 est,
2697 4171 2851 4222 vota

1349 4259 1496 4324 XX.
1531 4272 1831 4342 suscepta
1865 4270 2269 4332 memorant,
2295 4270 2388 4331 ‚ut
2417 4280 2611 4343 supra
2644 4256 2712 4317 in
2749 4276 2851 4319 se·

1254 4380 1257 4383 ’
1307 4357 1311 4358 ’
1352 4362 1456 4424 rie
1492 4358 1962 4444 chronologica
1997 4357 2312 4434 vidimus,
2356 4371 2429 4421 nt
2464 4358 2630 4424 adeo
2671 4378 2850 4420 com·

1355 4474 1652 4546 paratum
1698 4480 1845 4523 cum
1893 4459 1998 4523 his
2034 4458 2357 4522 Trebellii
2401 4458 2848 4521 testimonium

2629 434 3338 509 POSTVMVS.·

3023 618 3216 681 ssocci
3249 617 3615 681 faciendum
3650 618 3757 682 sit.
3804 621 3999 702 Ergo
4048 641 4145 681 ex
4198 642 4557 684 numos-um
4623 600 4628 662 ¹

3022 734 3377 804 praecepto
3439 721 3631 780 altius
3675 735 3775 783 est
3819 721 4202 804 imperium
4264 726 4555 785 Postumi

3021 821 3430 883 ordiendum.
3466 824 3967 904 Brequignyus,
4020 826 4151 905 qui
4205 825 4552 885 historia-

3000 917 3345 997 'Postumi,
3417 938 3723 1007 quantum
3786 925 3964 984 inter
4034 925 4174 984 has
4242 927 4552 989 tenebras

3010 1025 3156 1106 capi
3239 1037 3483 1106 potest,
3571 1023 3940 1086 adcuratius
4030 1025 4439 1111 descripsit
4480 1030 4547 1108 t),

3011 1125 3266 1199 statuit,
3329 1116 3707 1186 Postumum
3750 1147 3935 1211 anno*
3975 1129 4057 1186 P.
4120 1128 4217 1187 X„
4272 1133 4414 1209 257
4456 1131 4547 1191 ad·

3008 1225 3355 1286 clamatum
3389 1226 3886 1309 imperatorem,
3933 1242 4007 1287 et
4058 1229 4151 1288 ab
4207 1232 4359 1293 hoc
4406 1252 4538 1292 mox

3008 1326 3322 1389 Coloniae
3369 1329 3660 1390 clausum
3708 1330 4147 1405 Saloninum,
4224 1346 4305 1392 et
4372 1332 4536 1391 bien-

3006 1426 3115 1487 nio
3153 1430 3361 1491 serius
3405 1431 3478 1494 P.
3507 1431 3587 1489 X.
3626 1432 3746 1511 :359
3783 1446 4177 1512 expugnata
4226 1433 4413 1494 urbe
4445 1454 4535 1495 oe·

3004 1527 3245 1605 cisum,
3303 1531 3514 1614 ipsum
3579 1529 3815 1593 deinde
3880 1534 4309 1596 Postumum
4377 1554 4527 1596 anno

3005 1629 3127 1710 267
3173 1632 3613 1693 succubuisse.
3673 1637 3754 1693 At
3800 1631 3961 1691 mihi
4012 1655 4159 1694 uno
4188 1659 4403 1699 -nnno
4445 1656 4525 1696 se-

3000 1731 3169 1807 rius,
3231 1753 3468 1815 nempe
3512 1736 3588 1796 P.
3632 1733 3712 1793 X.
3747 1733 3871 1793 258
3915 1735 4066 1813 ejus
4118 1738 4519 1800 ordiendum

3000 1832 3347 1915 imperium
3411 1836 3658 1911 visum,
3725 1836 3872 1919 quia
3936 1838 4336 1901 verisimile
4401 1861 4516 1900 non

3001 1946 3101 1993 est
3132 1936 3414 1998 voluisse
3443 1936 3809 1998 Gallienum
3842 1937 3905 1996 in
3940 1938 4251 2000 alterum
4283 1962 4513 2002 annum
4556 1918 4572 1934 ⁸

3000 2048 3299 2115 spectare
3346 2037 3599 2100 obsessi
3644 2037 3760 2098 filii
3809 2038 4155 2120 pericula,
4208 2044 4376 2126 quin
4421 2043 4507 2104 illi

2999 2157 3391 2220 quocunque
3473 2153 3665 2222 pacto
3744 2156 4222 2218 succurreret,
4322 2163 4502 2227 quen

2998 2258 3188 2324 quam
3240 2242 3535 2322 impense
3578 2240 3918 2314 dilexerit,
3968 2244 4193 2324 patuit
4247 2264 4333 2305 ex
4381 2244 4503 2307 col·

2995 2337 3127 2400 lato
3171 2341 3678 2417 consecrationis
3711 2343 3998 2416 honore,
4049 2359 4123 2404 et
4156 2359 4265 2406 tot
4299 2346 4500 2406 nnmis

2996 2439 3136 2519 e‘jus
3194 2443 3457 2501 nomine
3519 2457 3666 2525 post
3710 2455 3986 2502 mortem
4032 2443 4241 2505 feriri
4288 2447 4492 2527 jussis.

2992 2541 3206 2623 Atque
3241 2543 3433 2604 etiam
3467 2541 3598 2604 fixo
3629 2543 3710 2604 ad
3739 2564 3975 2616 annum
4006 2548 4082 2604 P.
4112 2545 4200 2604 X.
4224 2547 4359 2609 258
4386 2549 4496 2607 im·

2991 2643 3159 2724 perii
3201 2643 3511 2727 egordio,
3548 2644 3850 2728 quoniam
3879 2645 3945 2704 in
3973 2633 4131 2706 'mea
4166 2647 4493 2708 sententia

2988 2742 3313 2826 principio
3375 2746 3525 2805 anni
3583 2746 3915 2828 sequentis
3977 2766 4137 2806 mox
4201 2749 4493 2811 tribuna·

2987 2856 3123 2904 tum
3162 2846 3241 2904 11.
3269 2844 3632 2922 inchoavit,
3677 2848 4317 2911 tamen-tribunatus
4355 2851 4490 2931 ejus

2984 2931 3067 3014 X.
3112 2944 3177 3005 in
3238 2943 3438 3007 fixum
3498 2970 3533 3009 a
3593 2948 4013 3032 Brequignyo
4067 2972 4324 3013 annum
4372 2951 4490 3033 267

2983 3043 3249 3119 incidit,
3312 3068 3441 3130 quo
3487 3071 3654 3110 anno
3707 3051 3915 3111 serius
3967 3070 4197 3111 caesus
4251 3055 4485 3115 Postu·

2981 3166 3126 3207 mus
3181 3149 3375 3210 statui
3433 3150 3659 3231 nequit
3678 3172 3697 3229 3
3756 3172 3905 3219 nam
3960 3150 4136 3214 hunc
4190 3154 4485 3220 Victori·

2978 3266 3137 3320 nus,
3198 3248 3606 3315 Victorinum
3668 3249 3949 3326 Marius,
3986 3249 4304 3315 ‘Marium
4362 3259 4483 3316 Te-

2976 3349 3182 3411 tricus
3220 3350 3480 3433 excepit
3534 3352 3678 3414 vivo
3727 3351 3939 3416 adhuc
3972 3353 4327 3432 Gallieno,
4373 3356 4479 3441 qui

2978 3468 3205 3511 caesus
3251 3449 3512 3511 demum
3559 3467 3660 3514 est
3702 3475 3868 3515 anno
3911 3458 3988 3518 P.
4034 3456 4113 3515 X.
4161 3455 4315 3518 268.
4398 3459 4478 3520 At

2975 3539 3150 3616 enim
3191 3552 3512 3614 sententia
3547 3552 3745 3627 haec,
3790 3575 3914 3639 qua
3965 3579 4118 3618 usus
4166 3572 4273 3620 est
4312 3561 4477 3621 Bre-

2974 3653 3331 3735 quignyus,
3377 3668 3446 3720 et
3496 3673 3623 3739 ego
3680 3676 3991 3740 quoque,-
4022 3671 4159 3720 tum
4216 3673 4475 3721 tantuin

2970 3772 3129 3817 vera
3186 3754 3345 3830 erit,
3408 3775 3557 3817 cum
3612 3753 3809 3818 fidem
3861 3757 4247 3822 habebimus
4303 3765 4478 3825 Tre·

2969 3852 3157 3914 bellii
3217 3854 3629 3933 testimonio,
3702 3858 3819 3919 sub
3884 3859 4141 3923 initium
4204 3862 4469 3927 Claudii

2970 3953 3234 4017 Gothici
3262 3955 3390 4037 jam
3427 3976 3686 4019 caesum
3715 3958 3919 4023 fuisse
3948 3964 4360 4040 Postumum,
4396 3979 4466 4028 et

2963 4069 3102 4118 tum
3155 4056 3494 4119 Tetricum
3550 4058 3618 4118 in
3669 4058 3900 4124 Galliis
3945 4077 4290 4144 tyrannum
4336 4080 4463 4130 sta·

2964 4157 3206 4220 tuentis
3238 4155 3321 4239 d).
3365 4158 3614 4226 Verum
3651 4162 3952 4226 Zosimus
3995 4167 4294 4230 meminit
4324 4172 4460 4230 Au·
4531 4174 4540 4179 ’

2962 4259 3230 4335 reliani,
3293 4259 3431 4343 qui·
3464 4261 3689 4343 paullo
3740 4278 3891 4328 ante
3936 4266 4219 4330 Gallieni
4279 4289 4457 4333 mor·

2960 4374 3097 4423 tem
3126 4360 3341 4443 jussus
3374 4374 3516 4423 erat
3547 4382 3692 4425 cum
3723 4367 3932 4450 copiis
3966 4367 4099 4430 suis
4133 4367 4455 4453 equestri·

2960 4460 3088 4523 bus
3116 4459 3473 4545 prohihet-e
3503 4466 3925 4550 Postumum,
3968 4488 4052 4530 ne
4093 4469 4160 4530 in
4192 4459 4464 4534 Italian(

1422 4676 1483 4739 a)
1523 4666 1799 4743 Inscript.
1835 4670 1895 4744 p'.
1929 4665 2053 4730 686.
2087 4676 2176 4742 95.
2266 4665 2338 4741 b)
2377 4666 2513 4741 Pag.
2542 4669 2668 4733 460.
2696 4668 2750 4731 6.
2856 4671 2910 4743 c)
2951 4668 3120 4767 Mem.
3159 4670 3224 4728 B.
3265 4668 3332 4730 L.
3372 4669 3440 4728 Τ.
3480 4638 3769 4749 xx'x..p.
3797 4678 3952 4739 338:
4025 4674 4094 4749 d)
4136 4675 4197 4734 in
4236 4676 4448 4738 Claud.
