4652 5937
1414 370 1563 472 ωτι
2271 344 2904 446 rumonim

1411 558 1627 625 Dacia
1675 555 2383 630 flector-,Parnmsnt
2411 551 2705 631 videtur,
2753 572 2902 635 pro·

1416 679 1632 744 spere.
1722 655 1902 721 Istud
1927 662 2215 732 certum,
2260 655 2424 717 nihil
2461 654 2542 717 ad
2577 657 2701 717 hoc
2731 670 2903 737 ⁴tem·

1408 786 1531 850 pus
1587 762 1897 855 idoneum
1954 740 2165 821 fuisse⁸
2231 757 2551 834 adlatum,
2630 758 2900 841 ejusque

1340 890 1343 899 ·
1410 865 1595 928 dubii
1654 861 2113 928 enodationem
2174 858 2674 946 relinquendam
2739 874 2902 924 tem·

1407 969 1585 1053 pori..

1529 1068 1735 1134 Iidem
1768 1069 1948 1129 numi
2001 1066 2170 1129 infra
2214 1079 2559 1147 protomen
2598 1064 2896 1126 Aurelia·-

1396 1173 1469 1236 ni
1528 1186 1725 1235 notas·
1758 1171 2046 1233 Graecas
2099 1167 2539 1231 arithmeticas
2605 1190 2640 1229 a
2688 1169 2744 1225 B
2792 1186 2894 1226 us-

1401 1295 1530 1361 que
1562 1275 1628 1334 H
1666 1272 1999 1336 exhibent.
2080 1271 2184 1331 Ad
2208 1290 2316 1333 eas
2359 1274 2483 1354 jam
2518 1268 2892 1332 observavit

1393 1379 1453 1441 F
1456 1378 1815 1440 roelichius
1862 1395 2008 1458 pag.
2061 1375 2176 1452 35,
2237 1393 2363 1458 pro
2405 1373 2586 1433 annis
2629 1368 2891 1451 imperii

1386 1468 1526 1544 ‘non
1560 1500 1704 1541 esse
1742 1476 2066 1538 habendas
2090 1523 2106 1554 ‚
2155 1475 2303 1558 quia
2339 1494 2554 1555 neque
2591 1460 2889 1532 ‘Aurelia-

1393 1602 1558 1658 nus,
1621 1598 1837 1663 neque
1885 1574 2282 1645 Vabalathus
2335 1593 2570 1637 annum
2624 1572 2886 1654 imperii

1394 1682 1569 1747 Vm.
1599 1681 1874 1742 inivere.
1962 1678 2128 1738 Sunt
2158 1697 2321 1761 ergo
2344 1690 2563 1749 certae
2597 1689 2885 1739 moneta-

1393 1781 1643 1843 riorum
1687 1795 1902 1844 notae.

1512 1887 1712 1949 Numa·
1749 1884 1865 1944 sub
1896 1885 1971 1945 B.
2051 1877 2480 1944 observanda
2527 1879 2594 1940 in
2639 1878 2740 1941 his
2774 1878 2883 1943 ad-

1387 1984 1521 2046 dita
1580 1982 1923 2050 Vabalathi
1978 1981 2226 2043 nomini
2287 1981 2561 2064 aspirata
2623 1982 2688 2041 E
2747 1983 2876 2044 sic:

1385 2084 2097 2160 VHABALATHVS,
2142 2105 2271 2169 quo
2310 2082 2508 2145 modo
2545 2083 2708 2144 illud
2748 2103 2876 2144 non

1385 2189 1695 2251 scribitur
1736 2189 1801 2247 in
1821 2186 2031 2249 numis
2052 2207 2197 2271 cum
2219 2186 2431 2247 literis
2451 2183 2876 2249 VCRrMDR.

1383 2291 1691 2353 Ceterum
1756 2288 2071 2352 rarissimi
2130 2301 2278 2349 sunt
2324 2285 2505 2347 numi
2550 2285 2677 2348 hoc
2721 2283 2872 2349 loco

1382 2391 1716 2473 descripti.

1503 2499 1703 2558 Numi
1731 2495 1846 2555 sub
1869 2492 1931 2554 C.
1978 2492 2184 2557 Vetus
2220 2487 2531 2551 Bandurii
2566 2488 2869 2553 aliorum·

1376 2595 1771 2682 qne-passim
1814 2593 2324 2676 antiquariorum
2360 2605 2455 2652 est
2487 2612 2711 2668 error,
2757 2592 2868 2675 qui

1368 2697 1651 2762 alterum
1689 2698 1925 2759 horum
1969 2715 2312 2756 namon-um
2358 2690 2739 2755 vocabulum
2775 2694 2868 2755 le-

1372 2812 1614 2882 gerunt
1664 2795 2042 2859 GPMIAC.
2129 2793 2339 2876 Magis
2398 2792 2567 2855 fallit
2617 2793 2866 2854 Goltzii

1365 2895 1899 2963 APMENIAC.
1939 2896 2305 2959 Massonius
2338 2893 2691 2974 legendum
2711 2913 2865 2955 con-

1365 2997 1578 3059 tendit
1615 2993 1826 3060 ATT.
1850 2995 2185 3072 emIAc,
2231 2999 2482 3057 intruso
2507 3014 2858 3080 perperam

1354 3098 1438 3173 Ρ,
1456 3096 1550 3159 sic
1575 3111 1646 3160 nt
1664 3118 1891 3160 sensus
1910 3097 2025 3158 sit:
2060 3095 2519 3177 ΑΤΤοκρατ-ως
2539 3093 2677 3154 GU)
2692 3096 2857 3158 [Ac.

1358 3197 1430 3260 id
1465 3192 1601 3261 est:
1648 3204 1992 3279 Imperator
2033 3202 2332 3264 Orientis,
2409 3196 2579 3264 Vide
2605 3197 2688 3258 de
2727 3196 2856 3260 hoc

1354 3302 1549 3387 plura
1603 3301 1683 3387 ἰιιδ
1748 3300 2205 3365 dissertatione
2266 3300 2606 3383 anonymi,
2686 3319 2854 3383 quae

1356 3416 1461 3467 est
1513 3402 1578 3464 in
1612 3402 1898 3466 Miscell.
1944 3401 2457 3467 observationib.
2507 3401 2652 3521 egit.
2701 3403 2853 3462 Am·

1354 3505 1630 3569 stelaed.
1662 3503 2007 3572 V01.V111.
2038 3526 2107 3597 p.
2147 3514 2284 3580 ¹4¹·
2373 3505 2506 3565 Has
2548 3517 2689 3585 ejus
2715 3505 2851 3567 *viri

1354 3608 1766 3690 conjecturas
1821 3606 2064 3668 evertit
2110 3604 2520 3682 controversi
2575 3604 2852 3668 vocabu·

1350 3709 1403 3771 li
1443 3731 1599 3775 vera
1641 3728 1720 3771 ac
1752 3719 2056 3770 constans
2108 3705 2309 3768 lectio
2342 3700 2729 3783 chlAc,
2777 3719 2848 3767 ut
2901 3789 2916 3802 X

1349 3809 1657 3893 probavit
1705 3808 2106 3871 Pellerinius
2149 3826 2233 3869 ex
2285 3804 2500 3866 numis
2541 3804 2709 3884 suis,
2778 3820 2849 3871 et

1203 3969 1217 3984 ,
1349 3931 1518 3996 quae
1562 3922 1663 3975 est
1707 3909 1776 3969 in
1832 3905 2151 3972 similibus
2201 3907 2380 3985 aliis,
2427 3907 2538 3990 qni
2584 3920 2734 3971 sunt
2772 3907 2840 3968 in

1345 4034 1580 4079 museo
1626 4013 1972 4076 Caesareo.
2057 4009 2131 4071 ln
2183 4009 2631 4073 Pelleriniano
2682 4029 2837 4088 nno,

1342 4130 1483 4179 tum
1549 4128 1616 4179 et
1674 4112 1845 4176 binis
1900 4112 2110 4176 musei
2165 4111 2480 4195 Borgiani
2535 4111 2709 4195 apud
2749 4113 2833 4200 cl.

1284 4255 1287 4258 -
1342 4217 1631 4299 zoegam
1671 4229 1771 4279 est
1802 4212 2069 4278 CPIAC
2107 4234 2462 4298 suppresso
2496 4212 2599 4274 (2).
2666 4214 2835 4278 Cen·

1339 4332 1445 4380 set
1480 4318 1916 4393 Pellerinius‚
1981 4318 2281 4400 quoniam
2341 4336 2462 4378 vox
2498 4314 2752 4380 Graeca
2798 4340 2831 4379 a

1340 4420 1450 4482 ΟΡ
1481 4419 1774 4502 incipere
1833 4439 1964 4482 non
2007 4425 2258 4501 potest,
2319 4418 2421 4480 his
2469 4416 2681 4480 literis
2713 4439 2836 4483 -νο-

2986 364 3650 448 PALMYRAE.
3751 430 3758 435 .

3017 553 3318 618 nabulum
3348 577 3551 618 unum
3587 575 3721 620 non
3752 554 4062 618 constitui
4075 588 4108 633 ,·
4141 556 4272 622 sed
4306 555 4521 643 singn-

3017 656 3114 719 las
3148 658 3422 720 seorsim
3479 656 3863 740 capiendas,
3924 669 3992 722 et
4035 658 4222 724 forte
4257 681 4514 726 sensnm

3014 757 3239 822 facere
3294 762 3637 845 analogum
3688 761 3900 823 literis
3941 759 4367 827 chmmt
4408 787 4519 826 nn-

3015 883 3273 925 morum
3342 864 3743 926 Latinorum.
3863 861 4063 953 Quod
4131 877 4363 926 tamen
4416 870 4514 930 vix

3013 965 3408 1043 verisimile,
3474 988 3618 1030 cum
3672 966 3921 1029 Graeca
3973 984 4048 1027 ea
4100 987 4240 1027 vox
4294 969 4361 1029 in
4409 991 4516 1030 nn-

3011 1069 3135 1128 mis
3164 1066 3433 1130 Graecis
3484 1082 3958 1150 praeponatur,
4004 1069 4254 1130 Latina
4303 1072 4372 1130 in
4405 1072 4508 1133 La-

3009 1169 3164 1233 tinis.
3195 1180 3649 1252 consequatur.
3734 1169 3837 1230 Ad
3884 1172 4043 1232 haec
4079 1172 4181 1244 si,
4232 1184 4313 1232 ut
4349 1172 4505 1234 vide-

3006 1284 3143 1348 tur,
3188 1292 3264 1334 ea
3310 1292 3436 1335 vox
3482 1285 3582 1332 est
3629 1271 3926 1352 Syriaca,
3972 1292 4401 1357 nequaquam
4432 1275 4502 1336 sd

3003 1372 3265 1454 linguae
3321 1372 3611 1435 Graecae
3671 1386 3961 1435 naturam
4041 1376 4230 1455 exigi
4296 1375 4498 1451 debet,

3002 1493 3273 1557 eamque
3326 1474 3607 1537 artifices
3654 1473 3892 1539 Graeci
3944 1475 4367 1556 reddidere,
4436 1491 4497 1540 at

3001 1574 3221 1638 auditu
3259 1589 3709 1657 perceperant.

3123 1675 3478 1741 ΑΘΗΝΤ.
3522 1679 3628 1741 vel
3662 1674 4076 1741 ΑΘΗΝΟΤ.
4111 1695 4490 1744 constanter

3000 1780 3101 1840 his
3151 1782 3363 1841 numia
3410 1780 3814 1861 inscriptum.
3898 1782 4280 1865 Antiquarii
4331 1785 4487 1864 prio·

2992 1903 3104 1945 res
3139 1883 3439 1965 plerique
3473 1885 3787 1945 Allienum
3829 1884 4180 1965 quemdam
4217 1884 4357 1946 hoc
4389 1904 4489 1945 no·

2995 1986 3170 2047 mine
3214 1984 3489 2048 indicari
3536 2004 3889 2059 censuere,
3946 1986 4059 2066 qni
4100 1984 4349 2047 fuisset
4389 2008 4485 2070 pa-

2994 2098 3097 2149 ter
3129 2081 3507 2163 Vabalathi,
3553 2088 3646 2150 sic
3697 2100 3768 2148 ut
3806 2084 4207 2169 epigraphes
4261 2106 4484 2148 sensus

2993 2202 3200 2251 esset:
3273 2192 3672 2251 Vabalatlms
3717 2192 4041 2263 Athenae,
4099 2187 4174 2247 id
4219 2201 4363 2266 est,
4411 2192 4478 2269 fi-

2985 2291 3135 2351 lius.
3225 2289 3313 2349 At
3348 2290 3760 2352 Froelichius
3792 2292 3843 2367 ⁸)
3895 2288 4328 2350 dividendum
4377 2308 4478 2351 ro·

2985 2386 3285 2451 cabulnm
3342 2404 3602 2466 censet,
3669 2390 4194 2474 legendumque:
4258 2387 4478 2451 ΑΘΗ-

2982 2482 3273 2567 Νοδωρκ,
3322 2492 3426 2554 vel
3479 2485 3965 2569 ΑΘΗΝΟδωρκ
3995 2488 4156 2564 Tenc
4199 2512 4281 2554 ex
4342 2490 4478 2574 plo-

2981 2588 3164 2651 ribus
3219 2594 3466 2667 causis,
3524 2593 3590 2671 l.⁸
3625 2591 3802 2673 qnod
3856 2586 4309 2667 ΑΘΗΝΑΣ,
4380 2593 4474 2654 vel

2984 2686 3426 2768 ΑΘΗΝΗΣ,
3471 2692 3575 2756 vel
3625 2687 4060 2768 ΑΘΗΝΟΣ,
4122 2712 4211 2754 ex
4244 2693 4472 2776 quibus

2962 2792 3305 2873 genitivus
3331 2788 3721 2855 ΑΘΗΝΟΤ
3755 2792 4028 2856 formari
4058 2806 4319 2874 posset,
4364 2814 4470 2856 no·

2957 2914 3128 2957 ·men
3176 2910 3351 2957 esset
3398 2915 3802 2980 nequaqnam
3852 2897 4053 2957 moris
4083 2895 4347 2958 Graeci.
4393 2899 4472 2963 11.

2959 2997 3065 3065 *Vt
3094 2997 3267 3061 istud
3285 3000 3508 3063 valere
3522 3010 3744 3080 posset
3764 2995 3845 3059 de
3863 3016 4029 3063 voce
4048 2994 4469 3073 ΑΘΗΝΟΤ,

2971 3116 3105 3158 non
3186 3112 3397 3162 tamen
3460 3099 3545 3162 de
3607 3118 3771 3162 voce
3842 3092 4218 3175 ΑΘΗΝΤ,
4303 3102 4466 3181 quae

2971 3197 3305 3264 scribendi
3362 3200 3531 3284 ratio
3606 3217 3754 3261 cum
3838 3196 4038 3259 toties
4067 3191 4172 3259 'in
4253 3202 4464 3266 num‘n

2968 3302 3378 3385 reperiatur,
3438 3299 3780 3365 monetarii
3841 3297 4061 3362 errori
4105 3297 4312 3362 tribui
4356 3322 4464 3365 ne-

2968 3403 3127 3485 quit.
3205 3405 3327 3468 111.
3371 3400 3567 3496 Quod
3605 3403 3670 3463 in
3705 3400 3919 3463 numis
3965 3399 4264 3481 ejusdem
4299 3415 4467 3466 trao-

2964 3517 3069 3567 tus
3105 3517 3175 3568 et
3207 3504 3471 3582 aetatis,
3518 3525 3682 3591 quos
3725 3503 3846 3567 sub
3889 3502 4082 3565 litera
4113 3502 4178 3563 K
4212 3503 4460 3570 descri-

2962 3606 3100 3689 psi,
3149 3620 3549 3670 memoratur
3599 3601 4288 3684 AQHNOAQPOC,
4343 3605 4457 3690 qui

2961 3706 3016 3769 si
3046 3709 3389 3777 Vabalathi
3424 3722 3608 3791 pater
3627 3720 3940 3771 statuatur
3958 3753 3976 3783 ,
4019 3704 4105 3768 de
4135 3726 4271 3789 qno
4301 3727 4453 3789 age-

2958 3821 3065 3871 tur
3116 3812 3461 3891 continuo,
3504 3812 3765 3874 facilem
3809 3803 4196 3872 habebimus
4259 3807 4453 3889 huju

2954 3910 3349 3996 epigraphes
3400 3914 3829 3997 explicatum,
3905 3930 4146 3992 nempe
4224 3905 4452 3972 ΑΘΗ-

2949 4007 3281 4095 ΝΟδωρου
3315 4009 3502 4101 June.
3582 4017 3764 4080 Haec
3809 4007 4250 4076 Froelicffins.
4337 4010 4454 4072 At·

2951 4137 3079 4200 que
3155 4116 3393 4183 eodem
3453 4117 3652 4180 modo
3713 4113 4109 4179 Pellerinins
4182 4130 4448 4200 qnoque

2949 4221 3246 4303 aenigma
3333 4220 3509 4284 istud
3602 4217 3940 4302 explicare
4012 4218 4447 4295 adlaboravit,

2949 4323 3072 4383 etsi
3115 4321 3477 4387 Froelichii
3522 4335 3808 4387 mentem
3861 4335 4264 4409 compertam
4305 4339 4445 4385 non

2949 4421 3241 4489 haberet.
3909 4451 3914 4452 ⁷

1410 4625 1475 4694 a)
1511 4617 1555 4680 l.
1593 4640 1647 4681 c.
1683 4640 1743 4697 p.
1782 4589 1874 4694 39}
1952 4695 1961 4698 -
