4652 5937
1192 378 1338 445 232
1448 340 1459 347 ”

1188 534 1800 611 LIBERALITAS.
1845 526 2103 597 AVGG.
2147 528 2259 594 VI.
2310 524 2453 588 ET.
2500 523 2579 589 V.
2615 520 2684 582 S.

1199 650 1736 721 Oldemtypns.
1785 636 2017 697 AE.1‘.
2064 633 2263 712 (Mus.
2301 626 2516 704 CaeS.)
2621 654 2628 663 ,

1324 747 1521 808 Prior
1539 761 1618 804 ex
1655 739 1753 800 his
1770 736 1982 797 numia
1998 735 2206 796 Getae
2224 726 2688 793 liberalitatem

1198 852 1282 915 V.
1317 844 1645 918 enunciat,
1688 850 2038 922 sequentes
2055 829 2522 895 liberalitatem
2548 808 2711 908 ejus

1196 954 1281 1014 V.
1317 968 1466 1014 cum
1499 947 1612 1012 VI.
1652 938 2024 1005 Caracallae
2064 945 2486 1016 componunt.
2570 928 2698 990 Mi-

1200 1072 1350 1116 rum
1378 1066 1532 1113 sane
1563 1045 1899 1117 videatur,
1950 1035 2316 1102 memorari
2350 1033 2479 1096 hoc
2519 1049 2698 1093 anno

1199 1151 1663 1216 liberalitatem
1697 1147 1780 1212 V.
1827 1144 2071 1217 Getae,
2144 1159 2295 1203 cum
2342 1135 2485 1212 eius
2536 1152 2693 1194 con-

1202 1253 1481 1339 giarium
1523 1252 1636 1317 Vl.
1691 1247 1821 1330 jam
1879 1242 2250 1309 viderimus·
2299 1237 2384 1301 sd
2445 1252 2693 1297 annum

1202 1361 1283 1425 V.
1320 1359 1399 1421 C.
1431 1353 1577 1438 961.
1617 1350 1708 1421 At
1738 1368 1901 1417 vero
1931 1344 2108 1408 idem
2132 1342 2256 1405 fuit
2274 1337 2530 1403 Getae
2512 1357 2580 1397 ιιι
2614 1334 2693 1396 iis

1203 1454 1623 1522 numerandis
1647 1451 2049 1519 institutum,
2102 1443 2289 1528 quod
2316 1438 2695 1504 Caracallae

1178 1583 1241 1623 ·a
1274 1549 1383 1619 me
1415 1576 1614 1640 supra
1639 1550 1725 1617 ad
1751 1550 1893 1633 ejus
1937 1566 2172 1609 numos
2206 1541 2460 1607 auniV.
2479 1542 2550 1603 C.
2571 1538 2698 1619 964

1204 1661 1652 1723 observatum.
1758 1646 2087 1746 Quamdiu
2155 1644 2443 1709 Severus
2513 1641 2696 1714 vixit,

1207 1759 1329 1823 filii
1377 1779 1509 1821 non
1545 1772 1807 1818 suarum
1855 1745 2318 1811 liberalitatum
2360 1760 2699 1814 numeros,

1208 1861 1326 1924 sed
1358 1857 1594 1943 patris,
1654 1863 1958 1917 monetae
2010 1846 2431 1929 inscripsere.
2490 1844 2701 1925 Egre-

1207 1964 1316 2048 gie
1400 1958 1578 2023 istud
1653 1974 1755 2027 ex
1818 1949 2034 2014 numia
2102 1946 2262 2031 ipsis
2331 1932 2698 2017 conficitur.

1084 2132 1087 2135 Α
1205 2063 1470 2139 Etenim
1506 2061 1573 2122 in
1610 2054 1825 2121 numia
1855 2050 2104 2121 Severi
2128 2048 2211 2114 ad
2242 2066 2480 2112 annum
2516 2049 2596 2113 V.
2626 2047 2697 2109 C.

1208 2165 1322 2245 qb·
1382 2161 1665 2226 vidimus
1711 2174 2017 2233 numum.
2085 2148 2699 2215 LIBERALITAS.

1208 2265 1619 2337 AVGG.V1.‚
1662 2260 1812 2323 etin
1848 2278 1929 2321 eo
1950 2254 2330 2340 propositos
2356 2252 2699 2324 Severum,

1209 2365 1650 2439 Caracallam‚
1724 2374 1790 2424 et
1842 2358 2076 2421 Getam
2141 2355 2225 2417 ad
2290 2350 2698 2436 congiarium

1207 2464 1614 2552 erogandum
1649 2462 2041 2526 adsidentes.
2098 2458 2300 2520 Sexta
2329 2474 2494 2537 ergo
2533 2452 2698 2515 haec

1208 2568 1568 2635 liberalitas
1594 2564 1895 2629 omuibus
1931 2560 2141 2625 tribus
2181 2554 2547 2622 communis
2584 2552 2703 2614 ha·

1209 2674 1366 2735 bita.
1427 2665 1689 2732 Deinde
1744 2665 2023 2729 vidimus
2058 2661 2254 2724 etiam
2304 2658 2388 2722 ad
2416 2654 2696 2718 eundem

1211 2794 1451 2838 annum
1495 2770 1651 2854 961,
1716 2766 1783 2828 in
1843 2765 2134 2839 omnium
2179 2764 2421 2824 horum
2482 2753 2699 2819 numis

1212 2873 1484 2938 eandem
1540 2871 1711 2932 hanc
1756 2864 2221 2928 liberalitatem
2255 2863 2369 2928 VI.
2421 2856 2697 2921 seorsim

1211 2971 1602 3048 memorari,
1682 2982 1868 3032 certo
1926 2976 2351 3050 argumento,
2445 2958 2527 3028 ab
2596 2956 2700 3020 his

1215 3093 1477 3159 quoque
1538 3083 1912 3136 numeratas
1977 3064 2181 3151 patris
2247 3060 2698 3125 liberalitates.

1209 3177 1458 3240 Verum
1486 3187 1672 3257 patre
1723 3184 1982 3235 mortuo
2020 3159 2141 3229 filii
2185 3183 2293 3227 eas
2334 3176 2581 3249 tantum
2628 3161 2702 3224 li·

1218 3261 1594 3339 beralitates
1646 3272 1770 3335 sibi
1829 3270 2129 3356 proprias
2187 3267 2451 3342 fecere,
2535 3283 2702 3349 quae

1219 3378 1496 3441 collatae
1547 3374 1856 3451 fuerunt,
1938 3394 2024 3437 ex
2068 3390 2199 3456 quo
2277 3369 2511 3431 saltem
2574 3365 2704 3446 jam

1219 3482 1530 3543 Caesares
1596 3476 1752 3540 dicti
1800 3488 1966 3538 sunt.
2049 3476 2214 3537 Cum
2263 3471 2467 3556 igitur
2506 3469 2706 3531 Seve-

1217 3601 1371 3655 rus,
1418 3578 1601 3661 eujus
1638 3576 1969 3660 congiaria
2015 3574 2230 3637 omnia
2283 3592 2400 3634 sex
2427 3565 2706 3632 numero

1214 3678 1523 3756 fuerunt,
1574 3698 1774 3739 unum
1808 3677 1940 3760 jam
1971 3674 2381 3758 distribuerit
2423 3692 2592 3735 anno
2621 3672 2706 3740 V.

1224 3781 1295 3845 C.
1332 3782 1456 3864 946
1519 3779 1850 3842 Caracalla
1921 3776 2132 3839 adhuc
2201 3775 2501 3858 privato,
2576 3773 2707 3838 hoc

1218 3883 1528 3970 neglecto
1570 3899 1846 3943 necesse
1892 3892 1992 3941 est
2020 3878 2482 3948 liberalitatem
2519 3877 2710 3939 Cara·

1223 3985 1430 4047 callae
1466 3980 1616 4043 anni
1647 3980 2010 4064 praesentis
2065 3998 2210 4042 esse
2241 3997 2520 4041 numero
2568 3997 2710 4041 sex·

1118 4087 1123 4090 ’
1225 4099 1376 4147 tam.
1436 4085 1731 4166 Cumque
1763 4095 1951 4164 pater
1987 4083 2274 4145 Severus
2319 4081 2454 4143 duo
2483 4101 2715 4165 eroga·

1225 4186 1397 4250 verit
1455 4186 1623 4247 Geta
1679 4183 1892 4247 adhuc
1959 4184 2256 4270 privato,
2341 4183 2446 4246 his
2500 4182 2716 4245 missis

1228 4300 1492 4372 oportet
1521 4305 1832 4370 praesens
1866 4287 2073 4348 Getae
2111 4284 2518 4368 congiarium
2567 4303 2714 4350 esse

1229 4386 1466 4450 ordine
1498 4385 1816 4470 quintum.
1875 4385 2341 4470 Dispensatum
2386 4405 2549 4470 ergo
2593 4402 2716 4463 est,

1832 4571 1935 4687 ἰ)
1972 4615 2041 4673 L.
2076 4616 2371 4680 Lxxvn.
2409 4622 2459 4694 ς.
2490 4630 2538 4682 2.
2589 4617 2598 4624 ·

1306 4616 1366 4684 a)
1406 4577 1723 4670 Herodian.

2555 330 2907 409 GETA.

2803 536 2950 582 cum
2998 530 3278 600 uterque
3328 518 3661 600 Augustus
3700 524 3847 597 post
3870 511 4096 596 patris
4147 530 4326 571 mor·

2804 637 2939 685 tem
2987 640 3070 683 ex
3117 618 3455 682 Britannia
3505 618 3570 680 in
3607 615 3843 679 urbem
3898 626 4328 686 reverteret,

2806 723 2982 810 quod
3031 722 3274 785 invicte
3325 719 3521 782 docet
3565 717 3800 787 addita,
3833 715 4140 801 singulis
4186 716 4332 776 Bru·-

2806 829 3057 888 tanm'cz'
3083 823 3460 907 appellatio.
3507 824 3746 883 lterum
3775 839 4026 903 quaeso
4065 817 4333 878 mirare

2807 928 3145 991 Vailla'ntii
3187 922 3585 1005 ἆπροσεξιαν,
3642 921 3789 1009 qui,
3849 941 3983 1006 quo
4036 920 4220 980 loco
4263 920 4334 979 in

2809 1030 3137 1095 laudatum
3175 1051 3441 1093 numum
3475 1047 3743 1092 aureum
3794 1034 4335 1095 commentatur,

2808 1136 2903 1197 sic
2951 1132 3252 1195 dissei-itt
3311 1136 3428 1194 Ιιοσ
3466 1130 3883 1193 liberalitatis
3923 1125 4336 1187 Caracalla

2808 1246 2875 1298 et
2921 1239 3122 1298 Getae
3147 1248 3160 1256 ·
3180 1242 3645 1297 monumentum
3699 1233 3788 1291 in
3832 1233 4060 1308 liujus..-
4101 1228 4336 1286 mnia

2810 1342 2957 1399 vae’vo
3010 1340 3217 1399 adhuc
3247 1346 3437 1416 patre
3453 1379 3470 1410 ‚
3550 1344 3897 1415 antequam
3935 1334 4030 1391 ad
4077 1331 4336 1388 bellan

2811 1441 3255 1501 Britannicum
3281 1458 3423 1499 cum
3445 1436 4160 1515 ipat‘sproficiacoretur‚
4192 1432 4334 1492 εᾶ-

2812 1551 2946 1604 tum
2978 1552 3085 1603 eat.
3135 1536 3494 1602 Enimvero
3525 1538 3591 1601 in
3632 1536 3738 1597 his
3768 1533 3985 1597 numia
4019 1546 4331 1613 uterque

2814 1643 3054 1707 dicitur
3085 1639 3537 1711 Britannicus,
3595 1660 3675 1702 an
3709 1656 3869 1698 vero
3900 1634 4032 1697 hoc
4075 1631 4330 1713 elogio

2813 1744 3092 1831 praediti
3126 1742 3349 1819 fuere,
3394 1756 3740 1826 antequam
3772 1737 3854 1802 ad
3879 1738 4136 1800 dictum
4179 1733 4333 1796 bel·

2813 1848 2950 1909 lum
2971 1846 3278 1909 exirent?
3318 1850 3403 1908 At
3434 1844 3607 1908 enim
3636 1855 3857 1927 partes
3889 1839 4145 1900 anticas
4186 1852 4323 1901 tam

2814 1948 2882 2010 in
2937 1948 3152 2010 numia
3192 1946 3477 2024 Latinis,
3553 1962 3744 2030 quam
3799 1939 4074 2010 Graecis
4117 1938 4324 2002 nullo

2813 2050 2969 2115 loco
3004 2049 3255 2113 babuit.

3530 2147 3570 2187 *³

3096 2257 3184 2317 Vt
3221 2254 3319 2315 lit.
3354 2191 3436 2313 Σί.
3466 2253 3573 2314 vel
3593 2254 3669 2311 B.

2817 2358 2953 2418 ΤΒ.
3000 2357 3076 2417 Ρ.
3112 2355 3224 2414 111.
3264 2350 3455 2415 COS.
3487 2353 3567 2412 11.
3609 2353 3685 2412 P.
3732 2352 3807 2412 P.
3863 2351 4071 2414 variis
4113 2348 4313 2428 typis.

2811 2460 2952 2520 AB.
2998 2456 3142 2519 ΑΕ.
3184 2454 3347 2514 1.11.
3392 2454 3591 2534 (Mus.
3617 2453 3838 2534 Caes.)

3691 2189 3734 2230 O

3156 2661 3236 2721 V.
3281 2662 3346 2722 C.
3387 2667 3534 2725 965.
3579 2661 3654 2721 P.
3691 2659 3778 2719 Χ.
3821 2662 3971 2719 212.

2821 2764 2951 2825 Tu.
2985 2763 3057 2821 P.
3091 2762 3204 2822 W.
3250 2762 3425 2824 COS.
3457 2762 3654 2831 11.,P.
3693 2762 3762 2819 P.
3811 2758 4039 2822 PIVS.
4083 2756 4309 2820 RRIT.

2940 2964 3305 3048 Desperata
3335 2957 3611 3027 fratrum
3634 2959 4009 3045 concordia,
4067 2958 4310 3023 turbis·

2815 3085 2944 3150 que
2978 3087 3101 3150 per
3167 3065 3518 3149 imperium
3575 3086 3659 3128 ex
3713 3083 3944 3129 eorum
4008 3059 4304 3124 discidiis

2818 3167 3028 3232 indies
3048 3168 3494 3231 crescentibus
3533 3168 3617 3231 de
3638 3163 3988 3231 dividendo
4023 3162 4308 3247 imperio

2819 3269 3163 3333 consilium
3219 3270 3484 3345 ineunt,
3563 3269 3740 3353 quod
3798 3279 4038 3353 agente
4097 3277 4306 3327 matre

2818 3370 3313 3456 repudiaturo).
3378 3370 3668 3434 Tandem
3709 3369 4044 3433 Caracalla
4072 3365 4302 3430 Getam

2820 3473 2901 3536 ad
2941 3492 3179 3536 necem
3233 3472 3345 3535 diu
3393 3470 3638 3550 frustra
3695 3469 4061 3554 quaesitum
4123 3473 4300 3552 (nam

2821 3574 3087 3637 acribus
3145 3574 3461 3637 custodiis
3528 3574 3805 3636 salutem
3863 3573 4300 3652 muniverat),

2819 3692 2967 3762 post
3001 3677 3303 3742 simulato
3344 3695 3569 3739 amore
3599 3675 3664 3737 in
3700 3675 3866 3738 retia
3897 3680 4306 3755 pertractum

2820 3777 2889 3840 in
2926 3779 3069 3840 sinu
3090 3777 3314 3840 matris
3332 3775 3643 3841 interficit
3665 3776 3891 3840 aetatis
3919 3796 4090 3838 anno
4103 3773 4304 3836 xxll.

2825 3898 3052 3941 mense
3087 3879 3197 3940 IX.
3269 3880 3372 3941 Ex
3400 3880 3530 3942 hoc
3563 3878 3796 3942 Dionis
3834 3875 4211 3941 testimonio
4240 3872 4300 3946 ¹³)

2830 3993 2895 4042 et
2944 3980 3248 4064 quoniam
3294 3963 3674 4063 Spartianus
3705 4000 3853 4043 eum
3899 3979 4026 4043 die
4036 3975 4300 4043 xxvn.

2827 4082 2985 4166 Maji
3017 4097 3236 4144 natum
3261 4081 3510 4157 statuit,
3556 4080 3947 4201 chronologi
3979 4056 4123 4162 eJtis
4138 4098 4306 4142 mor·

2827 4196 2962 4247 tem
3008 4182 3273 4246 exeunti
3322 4181 3688 4247 Februario
3736 4183 3886 4247 anni
3937 4180 4304 4300 ’praesentis

2829 4285 3154 4371 adfigunt,
3213 4282 3297 4347 de
3341 4305 3473 4368 quo
3515 4283 3663 4350 vide
3698 4286 3887 4371 plura
3935 4284 4000 4348 in
4034 4296 4300 4349 tractatu

2832 4387 2914 4452 de
2950 4386 3108 4450 trib.
3140 4399 3486 4470 potestate.
