4652 5937
1160 515 1337 615 294θ

1166 680 1537 767 duplicibus
1572 686 1918 741 servantur
1946 686 2228 759 quatuor
2244 672 2488 738 diversi
2524 672 2652 736 hoo

1163 785 1499 849 tribunatu
1539 777 1873 861 inscripti,
1917 790 1991 837 ut
2023 766 2432 859 praeteream
2466 774 2651 850 alioS,

1166 888 1280 972 qui
1338 886 1404 946 in
1484 879 1798 962 catalogis
1875 876 2199 940 adcuratis
2268 875 2648 941 recitantur.

1166 993 1754 1083 Quantumcunque
1816 991 2070 1039 mature
2120 974 2470 1061 imperium
2519 979 2653 1038 Ma·

1163 1089 1395 1151 ximini
1431 1084 1746 1158 ordiaris,
1792 1078 1968 1165 quod
2004 1079 2084 1154 ii,
2132 1077 2244 1163 qui
2280 1078 2651 1159 'plurimum

1165 1190 1556 1272 anticipant,
1605 1183 1835 1245 saltem
1885 1204 1920 1243 a
1968 1179 2206 1241 Martio
2248 1179 2399 1240 anni
2450 1182 2537 1247 V.
2581 1180 2650 1243 C.

1163 1292 1288 1375 988
1330 1290 1610 1361 ducunt,
1659 1296 1725 1346 et
1770 1299 2154 1367 quacunque
2207 1282 2503 1344 renovati
2540 1279 2656 1342 tri-

1162 1391 1442 1453 bunatus
1511 1385 1832 1449 sententia
1895 1397 2118 1457 utare,
2191 1401 2464 1444 necesse
2532 1394 2651 1457 est,

1162 1489 1503 1554 Maximini
1552 1487 1953 1548 tribunatum
2004 1485 2121 1551 IV.
2172 1484 2240 1545 in
2297 1505 2534 1544 annum
2571 1485 2652 1550 V.

1165 1596 1239 1657 C.
1273 1611 1389 1674 99¹
1428 1587 1702 1651 differri.
1770 1585 1978 1680 Quam
2010 1584 2298 1667 graviter
2325 1604 2448 1667 per
2477 1582 2652 1647 hune

1159 1693 1562 1756 tribunatum
1610 1687 1915 1750 laborent
1947 1686 2032 1761 ii,
2098 1687 2208 1770 qui
2258 1705 2408 1747 eum
2454 1684 2653 1747 natali

1160 1792 1449 1878 imperii,
1478 1791 1904 1852 instauratum
1957 1786 2307 1859 adserunt,
2372 1784 2526 1846 satis
2572 1804 2658 1847 ex

1161 1892 1459 1963 terminis
1498 1889 1640 1974 ejus
1675 1889 1936 1977 imperii
1981 1900 2272 1975 apparet.

1163 2118 1246 2179 11.
1287 2120 1578 2199 Desectio
1613 2118 2085 2179 Gordianorum
2136 2112 2207 2170 in
2250 2110 2485 2189 Africa
2526 2129 2656 2172 non

1280 2224 1499 2304 potnit
1528 2221 1891 2297 coutinqere
1913 2220 2045 2279 nisi
2070 2219 2288 2279 eodem
2307 2232 2476 2275 anno
2498 2212 2573 2274 V.
2593 2213 2657 2273 C.

1286 2332 1439 2390 991.
1473 2325 1550 2384 Ρ.
1583 2321 1673 2384 Χ.
1703 2327 1856 2383 238.

1288 2506 1479 2568 Hanc
1510 2484 1852 2581 Petavius,
1895 2516 1963 2567 et
1991 2500 2309 2565 Calvisius
2352 2499 2661 2562 inchoant

1164 2629 1332 2671 anno
1385 2609 1466 2676 V.
1516 2609 1591 2670 C.
1641 2608 1763 2689 989
1810 2608 1884 2667 Ρ.
1933 2604 2015 2664 X.
2061 2603 2223 2680 236,
2294 2602 2659 2663 Tillemon-

1161 2708 1292 2771 tius
1337 2709 1422 2776 V.
1472 2707 1543 2769 C.
1593 2726 1717 2789 990
1772 2710 1846 2769 P.
1890 2708 1972 2768 X.
2026 2705 2148 2786 237
2210 2704 2289 2784 ⁸¹).
2375 2703 2658 2785 Vtrique

1165 2811 1529 2873 sententiae
1550 2831 1790 2874 canore
1824 2810 2252 2872 adversantur
2278 2804 2479 2866 numi.
2523 2805 2659 2870 Vo-

1166 2930 1397 2974 cemus
1420 2912 1487 2974 in
1515 2912 1829 2993 judicium
1867 2909 2252 2974 sententiam
2293 2906 2660 2966 Tillemon-

1162 3012 1277 3087 tii;
1321 3035 1470 3074 nam
1522 3012 1643 3077 hac
1691 3033 1921 3078 eversa
1970 3009 2179 3072 multo
2223 3006 2433 3090 magis
2479 3005 2659 3068 laho-

1162 3111 1335 3174 rabit
1368 3097 1751 3175 Petaviana.⁴

1288 3212 1591 3274 Diximus
1624 3214 1900 3276 articulo
1926 3208 2364 3294 praecedente
2384 3253 2401 3284 ,
2448 3221 2659 3270 exsta·

1163 3333 1240 3378 re
1273 3334 1505 3377 numos
1542 3316 1879 3378 Maximini
1930 3333 2076 3375 oum
2134 3311 2468 3380 tribunatu
2507 3312 2656 3386 lv..

1165 3435 1461 3501 quorum·
1515 3417 1626 3479 alii
1683 3429 1904 3478 notam
1968 3414 2037 3477 S.
2101 3412 2180 3475 C.
2250 3410 2656 3496 praeferunt,

1168 3521 1415 3600 easque
1455 3517 1596 3579 sine
1651 3516 1849 3580 dubio
1895 3516 1974 3585 V.
2014 3516 2085 3577 C.
2121 3532 2239 3597 99¹
2282 3531 2655 3595 percussos.

1160 3619 1250 3680 At
1283 3638 1407 3701 qua
1440 3617 1508 3678 id
1535 3619 1788 3680 ratione
1819 3637 2046 3681 verum
2081 3633 2229 3678 esse
2289 3627 2555 3710 posset,
2599 3611 2658 3676 si

1159 3716 1297 3801 jam
1350 3739 1519 3781 anno
1570 3720 2011 3801 praecedente
2059 3716 2458 3778 defecissent
2490 3715 2658 3776 Gor·

1168 3816 1391 3880 diani?
1468 3819 1774 3882 'restibus
1826 3818 2206 3880 Herodiano
2273 3829 2339 3877 et
2400 3815 2656 3898 Capito·

1165 3917 1342 3995 line,
1404 3940 1553 3982 eum
1602 3919 1885 4002 primum
1936 3922 2217 3981 Romam
2279 3917 2658 3978 nunciatum

1097 4003 1103 4012 ’
1169 4033 1306 4092 est,
1348 4020 1699 4083 ,Gordianis
1744 4023 1813 4083 in
1855 4019 2081 4084 Africa
2116 4018 2466 4100 imperium
2500 4016 2660 4078 fuis-

1169 4141 1241 4184 se
1275 4120 1607 4199 delatum,
1657 4121 1967 4186 continuo
2013 4119 2408 4184 Maximinus
2449 4117 2661 4180 hostis

1169 4243 1207 4284 a
1251 4238 1479 4286 senatu
1540 4223 1862 4305 judicatus
1910 4234 2009 4285 est
2070 4220 2241 4284 datis
2290 4219 2376 4283 ad
2428 4238 2656 4284 omnes

1167 4322 1504 4405 praesides
1542 4325 1789 4402 literis,
1832 4337 1905 4387 ut
1935 4325 2116 4385 illam
2151 4321 2439 4388 belluam
2476 4325 2658 4388 omni

1170 4424 1238 4487 vi
1291 4405 1882 4510 persequerentur,
1958 4446 2111 4487 mox
2171 4427 2508 4503 inversae,
2585 4438 2654 4490 et

1173 4524 1544 4587 confractae
1596 4524 1739 4607 ejus
1780 4525 2133 4608 imagines,
2191 4541 2258 4590 et
2298 4526 2366 4587 in
2408 4525 2656 4590 amieos

2271 484 2967 563 MAXIMINVS
3057 488 3113 560 Ι.

2769 671 2949 733 omni
2999 669 3385 734 crudelitate
3435 672 3775 736 saevitum.
3861 673 3964 736 An
4011 690 4256 761 patres,

2770 774 2881 857 qui
2916 773 3341 834 Maximinum
3388 793 3467 835 ex
3507 774 3572 838 S.
3607 776 3677 836 C.
3724 774 3807 837 de
3851 796 4101 840 summa
4142 800 4260 863 po-

2771 887 3006 936 testate
3033 872 3444 956 dejeeerant‚
3490 875 3700 938 altero
3735 880 4262 943 senatusconsul-

2769 987 2836 1036 to
2876 976 3015 1057 ejus
3065 976 3329 1038 nomine
3355 977 3704 1060 pecuniam
3735 978 4105 1043 feriundam
4144 1002 4260 1046 eu·

2768 1076 3093 1151 raven-int,
3140 1077 3316 1161 quod
3347 1097 3608 1160 semper
3649 1100 3939 1142 summae
3975 1096 4261 1165 potesta-

2769 1177 2852 1238 tis
2885 1176 3214 1240 confessio
3258 1177 3546 1240 habitum
3583 1180 3727 1241 est?
3790 1182 3889 1243 An
3918 1181 4118 1245 iidem
4146 1207 4257 1268 pa-

2767 1293 2946 1355 tres,
2993 1280 3104 1362 qui
3148 1302 3300 1343 mox
3347 1301 3462 1342 sua
3511 1281 3579 1341 in
3629 1280 3996 1345 Gordianos
4047 1284 4258 1347 studia

2772 1382 3040 1469 signatis
3109 1382 3342 1443 horum
3422 1382 3705 1466 imagine
3753 1385 3967 1446 numis
4026 1398 4262 1452 testata

2768 1482 3037 1561 fecere,
3099 1504 3229 1545 uno
3281 1480 3647 1568 eodemque
3693 1498 3992 1569 tempore
4045 1500 4113 1549 et
4142 1507 4263 1551 no·

2768 1584 2867 1648 vis
2896 1586 2996 1646 his
3016 1585 3346 1668 Augustis,
3394 1607 3557 1670 quos
3583 1600 4080 1651 conservatores
4105 1608 4264 1653 suos

2769 1707 3136 1769 agnovere,
3184 1701 3249 1748 et
3300 1685 3588 1768 judicato
3622 1689 3870 1771 patriae
3914 1687 4089 1752 hosti
4120 1702 4262 1754 mo·'

2770 1801 2990 1849 netam
3041 1787 3536 1851 dedicaverint?
3605 1789 3723 1851 Cui
3769 1790 3939 1850 istud
3974 1811 4258 1875 unquam

2771 1907 2928 1949 sano
2987 1889 3535 1970 persuadebitur?
3622 1888 3756 1950 Sed
3802 1892 3990 1953 venia
4049 1892 4262 1959 danda

2768 1988 2931 2052 viris
2951 1988 3338 2066 illustribus,
3366 1990 3478 2074 qui
3495 2005 3730 2052 annum
3750 1993 4258 2074 praecedentem

2770 2088 3064 2152 maluere
3087 2134 3104 2167 ,
3150 2092 3457 2175 quoniam
3488 2113 3721 2154 numos
3739 2094 4078 2157 Maximini
4108 2116 4259 2160 eum

2770 2190 3104 2253 tribunatu
3154 2195 3264 2258 IV.
3320 2209 3428 2256 aut
3478 2194 3987 2278 ignoraverunt,
4031 2211 4139 2262 aut
4189 2198 4258 2261 in

2773 2290 3120 2355 dubiorum
3164 2300 3316 2360 loco
3352 2294 3742 2359 habuerunt.

2773 2512 2883 2575 111.
2931 2516 3165 2578 Caedes
3195 2521 3461 2579 Balbine·
3490 2528 3556 2580 et
3582 2521 3857 2599 Pupieni·
3895 2522 4103 2584 serius
4129 2542 4261 2585 non

2888 2622 3106 2697 potuit
3149 2623 3515 2700 continyere
3529 2664 3547 2696 ‚
3592 2641 3783 2702 quam
3830 2625 3924 2683 ad
3951 2644 4262 2687 summum

2895 2730 3167 2783 exeunte
3194 2722 3365 2783 Iulio
3406 2724 3479 2786 V.
3523 2724 3585 2788 C.
3619 2731 3764 2788 991.
3789 2725 3973 2787 ΡᾺΧ.
4010 2732 4155 2793 238.

2898 2904 3312 2989 Frequentes
3364 2905 3690 2968 habentur
3731 2908 3912 2970 numi
3944 2910 4259 2975 Gordiani

2772 3007 2884 3067 111.
2927 3006 2995 3076 in
3049 3010 3349 3093 Aegypto
3399 3009 3664 3092 signati,
3715 3011 3827 3094 qui
3867 3032 4102 3075 annum
4138 3014 4263 3075 im·

2769 3107 2939 3190 perii
2974 3108 3113 3175 vn.
3137 3151 3155 3182 ,
3198 3129 3436 3192 nempe
3469 3110 3546 3169 L.
3586 3112 3660 3171 Ζ.
3700 3110 4006 3177 offerunt.
4092 3116 4258 3179 Cum

2772 3220 3052 3283 constet,
3086 3207 3486 3276 Gordianum
3504 3230 3764 3275 caesum
3793 3215 4061 3278 circiter
4079 3236 4260 3279 men·

2773 3329 2844 3373 se
2900 3309 3138 3373 Martio
3179 3311 3261 3379 V.
3317 3313 3386 3374 C.
3437 3332 3598 3396 997,
3660 3328 3727 3377 et
3774 3316 4138 3401 Aegyptios
4184 3331 4259 3380 ut
4356 3380 4364 3388 ,

2771 3432 2975 3475 annos
3026 3411 3292 3487 civiles,
3339 3413 3433 3476 sie
3479 3426 3546 3475 et
3586 3435 3790 3478 annos
3832 3416 4094 3502 imperii
4148 3417 4258 3495 die

2769 3511 3008 3577 XXIX.
3028 3514 3302 3598 Augusti
3318 3534 3640 3583 renovare
3673 3517 3936 3594 solitos,
3980 3538 4258 3583 necesse

2771 3627 2912 3691 est,
2955 3627 3028 3676 ut
3075 3637 3277 3679 annus
3320 3617 3466 3684 vn.
3518 3617 3736 3680 locum
3770 3605 4043 3697 Habeat,
4088 3641 4259 3685 anno

2769 3717 2821 3777 1.
2876 3713 3189 3777 Gordiani
3237 3730 3387 3780 ante
3450 3716 3626 3781 diem
3692 3719 3930 3783 XXIX.
3979 3721 4260 3807 Augusti

2769 3818 2851 3886 V.
2889 3818 2964 3881 C.
3000 3835 3118 3901 991
3177 3818 3523 3880 stationem
3567 3820 4065 3903 adsignandam,
4127 3841 4258 3907 quo

2773 3916 2881 3980 die
2923 3931 3157 3982 exorto
3212 3919 3521 3982 continuo
3570 3924 3770 3985 scribi
3814 3925 4032 4008 coepit
4066 3924 4142 3985 L.
4175 3927 4255 3990 B.

2771 3999 2967 4083 Hunc
3018 4020 3335 4084 Gordiani
3381 4042 3619 4085 annum
3670 4025 3719 4083 I.
3770 4026 4008 4088 eximie
4054 4026 4268 4091 fuisse

2771 4120 3194 4183 macilentum
3216 4165 3234 4195 ,
3282 4123 3621 4207 colligitur
3651 4124 3759 4190 vel
3796 4146 3877 4200 ex
3924 4128 4063 4211 ipsa
4096 4127 4260 4191 rari-

2768 4233 2901 4284 tate
2935 4242 3280 4285 numorum
3305 4224 3895 4290 Alexandrinorum
3917 4273 3934 4306 ,
3981 4250 4128 4292 cum
4166 4243 4260 4293 ta·

2729 4355 2748 4380 f
2771 4342 2921 4385 men
2949 4321 3226 4386 aliorum
3260 4345 3576 4390 annorum
3608 4329 3790 4391 numi
3818 4328 4175 4396 abundent.

1168 4669 4245 4704 ffl——fflmm

1249 4736 1309 4808 a)
1347 4732 1499 4793 Nota
1538 4731 1638 4796 IV.
1679 4731 1743 4789 in
1776 4731 2072 4791 Maximin.

1192 5759 1197 5766 '
2547 5779 2558 5790 a

1052 5797 1067 5802 .-
2115 5795 2129 5806 ⁸
2577 5806 2598 5820 e

438 5823 443 5834 ι

438 5835 491 5912 Ι,
686 5855 689 5856 ’
770 5857 775 5860 -
1194 5841 1197 5842 ⁷
1518 5853 1541 5864 Α·
2214 5857 2267 5870 οἱ

470 5881 515 5898 μ’
558 5869 611 5890 ’γ’
668 5867 695 5876 ”““
824 5879 863 5898 ι·
1184 5865 1217 5884 ἢ)
1400 5883 1457 5912 ,ν
1524 5879 1533 5884 -
2036 5872 2117 5890 ς’
2495 5896 2594 5913 §-a

826 5885 1391 5912 *mh-*affl
1472 5879 1521 5912 d
