4652 5937
104 1058 106 1065 ,
232 1015 415 1077 AR.
463 1007 736 1093 (Band.)

1426 414 2221 494 AVRELIANVS.
3235 447 3381 518 431

846 644 889 685 9
1011 599 1064 643 ⁸
1177 637 1223 687 ,-
1735 610 1742 616 '
1884 601 2367 666 Pannoniarum
2413 603 2544 688 jam
2590 606 2956 673 meminere
2995 613 3175 673 numi
3210 598 3387 677 Aelii
3463 668 3470 674 .

478 748 487 760 .
569 708 655 770 Vt
695 707 793 768 Iit.
836 707 904 767 C.
1424 788 1432 795 ο
1887 703 2184 767 Caesaris
2220 719 2286 767 et
2323 707 2544 771 Decii.
2586 708 2834 777 Verum
2884 725 2952 775 et
2999 711 3121 775 hac
3170 729 3384 779 aetate

220 809 529 876 CONS.
572 806 857 869 PRINC.
900 805 1102 874 AVG.
1186 808 1541 886 Imperator
1587 816 1769 869 stans
1880 803 1955 866 in
1994 807 2349 869 Pannoniis
2389 831 2620 892 magna
2676 833 2827 895 pars
2876 816 3208 895 potentiae
3251 818 3387 878 Ro·

223 918 610 975 dez-teram
671 918 932 988 tropaeo
992 910 1311 988 adplicat,
1376 928 1434 972 s.
1492 910 1766 972 hastam.
1883 928 2110 971 manae
2158 907 2280 970 sita
2332 907 2479 971 suit.
2542 915 2688 973 Non
2743 915 2950 976 multo
2997 930 3145 998 post
3180 917 3389 978 Aure·

1884 1006 2047 1069 liani
2122 1009 2472 1093 imperium
2555 1011 2721 1075 dixit
2792 1016 3220 1079 Mamertinus
3301 1016 3388 1080 acl

1886 1108 2353 1172 Maximianum
2405 1112 2822 1177 »Herculeum
2857 1120 2953 1197 ·):
3015 1122 3177 1194 Quis
3216 1123 3387 1182 enim

1885 1213 2156 1285 dubitat,
2189 1216 2349 1293 quin
2380 1218 2600 1277 multis
2616 1220 2772 1293 jam
2801 1222 3105 1292 saeculis,
3144 1239 3230 1280 ex
3258 1242 3385 1302 quo

1886 1315 2060 1373 vires
2137 1315 2321 1374 illius
2385 1314 2823 1398 (Pannoniae)
2884 1324 2978 1380 ad
3031 1323 3388 1382 Romanum

1883 1433 2111 1475 nomen
2137 1421 2554 1490 accesserint,
2599 1420 2802 1479 Italia
2831 1424 3086 1501 quidem
3119 1422 3211 1481 sit
3231 1440 3386 1499 qen·

1884 1518 2045 1581 tium
2084 1519 2347 1578 domina
2388 1521 2643 1598 qloriae
2685 1530 2999 1587 voluntate
3014 1565 3031 1599 ,
3074 1525 3192 1585 aed
3217 1524 3386 1585 Pan-

1884 1620 2084 1680 nonia
2128 1619 2418 1679 virtute?

2178 1721 2262 1780 Vt
2302 1721 2401 1780 lit.
2443 1723 2524 1783 G.
3061 1738 3066 1741 ⁴

1886 1816 1963 1883 P.
2008 1820 2101 1880 M.
2151 1820 2291 1879 TR.
2336 1822 2413 1880 Ρ.
2460 1818 2648 1882 008.
2693 1820 2770 1881 P.
2813 1822 2892 1887 P.
2977 1827 3109 1886 Leo
3171 1826 3385 1904 capite

1885 1923 2145 1983 radiato
2189 1925 2260 1981 in
2303 1924 2461 1982 aliis
2498 1926 2808 2000 qradiene
2824 1968 2841 1998 ,
2903 1928 2975 1987 ὄπ
3031 1927 3189 1986 aliis
3248 1945 3388 1986 cur·

1881 2042 2047 2097 rem,
2085 2024 2338 2101 fulmen
2373 2043 2482 2085 ore
2508 2032 2743 2102 μεσταί.
2779 2023 2927 2092 AV.
2946 2027 3148 2103 (Mus.
3167 2026 3387 2105 Caes.)

391 1118 691 1177 Aversae
756 1107 1117 1194 epigraphe
1175 1108 1507 1187 insolens,
1561 1107 1771 1192 -cujus

234 1234 541 1279 sensum
587 1211 749 1273 mihi
791 1211 1089 1294 ignotum
1134 1210 1491 1294 profiteor,
1552 1225 1620 1274 et
1663 1211 1772 1273 ab·

239 1315 492 1379 stineo
547 1312 971 1396 conjecturis.
1029 1312 1193 1394 Ejus
1249 1314 1446 1376 etiam
1488 1312 1776 1396 explica·

239 1427 414 1477 tum
458 1414 652 1477 nobis
695 1413 927 1476 invidit
968 1434 1211 1502 praeeo
1256 1414 1645 1485 Bandurius.

396 1566 403 1569 ,
573 1520 656 1577 Vc
696 1520 794 1577 lie.
839 1521 907 1578 A

247 1616 564 1681 DACIA.
604 1618 899 1704 FELIX.
944 1620 1183 1680 Mulier
1214 1628 1394 1679 stam
1426 1620 1487 1678 d.
1519 1619 1773 1679 hastam

251 1721 454 1781 ass‘m’
511 1723 723 1799 capite
771 1722 1154 1800 praefi-vam.
1214 1719 1351 1779 AE.
1397 1719 1510 1782 111.
1567 1718 1768 1796 (Mus.

257 1819 500 1899 Caes.)
1075 1820 1081 1827 ’
1334 1894 1339 1900 ,

334 1944 345 1951 -
398 1918 704 1982 Similem
740 1917 984 1982 Daciae
1017 1932 1247 2003 typum
1282 1918 1409 2003 jam
1443 1918 1510 1980 in
1546 1938 1772 1981 mone·

254 2022 333 2087 {a
394 2020 590 2084 Decii
650 2020 967 2096 vidimus,
1030 2018 1204 2082 unde
1262 2020 1767 2104 explicationem

256 2137 449 2208 pete.
538 2119 738 2217 Quod
797 2122 880 2183 ad
934 2139 1248 2203 praesens
1292 2140 1524 2185 aevum
1567 2122 1770 2205 perti-

264 2238 424 2299 net,
484 2236 738 2286 constat
795 2242 879 2284 ex
940 2222 1265 2305 Eutropio
1325 2236 1392 2285 et
1439 2222 1766 2305 vopisco,

260 2324 700 2387 Aurelianum
762 2323 1017 2406 abjecta
1078 2343 1194 2407 spe
1253 2323 1529 2386 retineri
1573 2343 1768 2407 posse

266 2424 586 2501 Daciam,
653 2424 890 2488 Gothis
950 2436 1141 2487 aucto
1204 2425 1401 2487 etiam
1459 2444 1584 2508 per
1641 2427 1772 2489 cla·-

264 2526 390 2588 des
436 2545 715 2589 numero
757 2525 1273 2601 incursantibus,
1330 2525 1572 2588 milites
1614 2527 1769 2591 inde

267 2626 655 2710 incolasque
701 2628 915 2690 omnis
958 2645 1151 2690 sexus
1198 2639 1268 2689 et
1309 2627 1539 2690 aetatis
1570 2627 1770 2691 abdu-

264 2728 479 2802 xisse,
525 2729 780 2813 hosque
821 2728 917 2792 cis
952 2728 1326 2791 Danubium
1374 2728 1627 2791 locasse
1672 2729 1768 2792 di-

158 2876 175 2881 -
265 2831 564 2894 stributis
598 2831 802 2894 *inter
862 2829 1019 2892 duas
1065 2829 1351 2892 Moesias
1396 2830 1609 2912 agris,
1673 2843 1769 2892 at-

271 2954 400 3019 que
456 2932 674 2997 addita
733 2932 888 2997 huic
946 2931 1186 2997 tractui
1239 2930 1486 2997 Daciae
1542 2932 1764 3017 appel·

265 3036 534 3098 latione.

556 3140 642 3200 Vt
680 3139 777 3199 lit.
811 3137 886 3194 B.
913 3136 1085 3198 οιΑ.
1676 3187 1685 3194 .

269 3237 612 3306 GENIVS.
657 3237 948 3300 ILLVR.
997 3238 1241 3297 Genius
1274 3244 1456 3297 stans
1489 3239 1550 3296 d.
1579 3245 1761 3312 pate·

269 3360 407 3401 ram
421 3382 440 3415 ,
481 3360 535 3400 a.
571 3340 996 3415 cornucopae’ae
1011 3381 1028 3411 ,
1055 3341 1265 3415 juxta
1304 3338 1560 3414 siqnum
1591 3338 1761 3424 mili·

267 3452 421 3504 tare.
463 3441 889 3505 AV.AE.111.
938 3438 1362 3517 (Band.Mus.
1387 3435 1605 3514 Caes.)
1642 3425 1645 3431 ’

1885 2221 2058 2307 Typi
2116 2222 2630 2305 explicationem
2690 2236 2842 2305 pete
2903 2243 2986 2288 ex
3039 2246 3241 2291 numo
3300 2229 3385 2292 si·

1884 2324 2026 2387 mili
2071 2324 2447 2389 caracallae
2490 2325 2571 2392 V.
2619 2324 2692 2389 C.
2738 2323 2885 2409 967.

2176 2429 2260 2489 Vt
2301 2430 2400 2488 lit.
2437 2430 2519 2489 A.

1881 2529 1957 2590 Ρ.
1992 2532 2083 2590 Μ.
2122 2529 2264 2590 ΤΒ.
2296 2529 2371 2589 Ρ.
2403 2529 2478 2587 Ρ.
2510 2527 2586 2588 Ρ.
2622 2526 2812 2589 COS.
2856 2532 3192 2609 Neptunus
3232 2534 3386 2621 defe-

1883 2641 1981 2693 tro
2014 2634 2179 2710 pede
2221 2632 2370 2705 rupi
2412 2632 2720 2690 insistens
2763 2632 2829 2691 d.
2871 2633 3269 2709 delphitmm,
3326 2654 3382 2693 a.

1882 2736 2240 2795 tridentem.
2290 2732 2423 2792 ΑΕ.
2471 2730 2585 2792 111.
2628 2729 2830 2809 (Mus.
2878 2731 3099 2812 Caes.)

2164 2837 2247 2894 Vt
2278 2835 2378 2893 lit.
2418 2833 2481 2891 C.

1877 2932 1953 2997 P.
1997 2937 2086 2997 M.
2134 2934 2275 2996 ΤΒ.
2316 2933 2393 2993 Ρ.
2445 2928 2554 2995 vl.
2602 2930 2794 2997 COS.
2839 2934 2918 2994 11.
2980 2932 3053 2993 P.
3096 2934 3172 2996 P.
3264 2938 3388 2999 Sol

1874 3047 2059 3099 etam
2105 3040 2167 3097 d.
2223 3037 2400 3097 elata
2419 3077 2439 3108 ,
2492 3053 2545 3094 a.
2591 3036 2884 3112 ylobum,
2940 3054 3061 3113 pro
3106 3039 3384 3114 pedibus

1877 3140 2168 3216 captivus
2211 3141 2453 3198 sedens.
2494 3136 2633 3203 AV,
2683 3134 2952 3216 (Band.)
3019 3187 3024 3192 .

2168 3239 2252 3297 Vt
2291 3239 2390 3298 Iit.
2426 3238 2488 3295 C.

1874 3336 1948 3398 Ρ.
1995 3337 2087 3400 Μ.
2134 3337 2274 3398 ΤΒ.
2318 3337 2396 3398 Ρ.
2430 3336 2571 3401 V11.
2612 3334 2804 3399 COS.
2841 3337 2926 3398 11.
2958 3337 3033 3396 P.
3069 3335 3149 3399 P.
3195 3342 3374 3400 Mars

1867 3439 2180 3517 yradiens
2206 3439 2293 3496 .d.
2348 3438 2636 3511 hastam,
2704 3458 2757 3499 s.
2812 3447 3138 3515 tropaeum
3187 3459 3377 3516 snper

2008 2122 2114 2184 De
2187 2141 2457 2184 aversae
2529 2122 2890 2206 epigraphe
2962 2146 3114 2189 mox
3183 2123 3382 2194 infra.
3495 2204 3500 2207 v

390 3541 687 3634 Similem
712 3560 972 3626 quoqne
993 3557 1288 3601 aversam
1313 3536 1377 3598 in
1400 3535 1590 3598 Decii
1619 3554 1756 3598 mo·

268 3655 411 3704 ncta
458 3641 753 3704 vidimus.
801 3641 1192 3704 Aurelianus
1232 3638 1302 3699 in
1346 3637 1474 3700 hoc
1519 3650 1751 3713 tractu,

274 3758 338 3805 et
387 3743 464 3804 ab
521 3743 661 3823 ejus
717 3742 1090 3826 legionibus
1150 3741 1434 3824 primum
1495 3740 1752 3823 agnitus

270 3846 656 3927 imperator,
702 3859 769 3908 et
807 3845 1003 3910 rebus
1042 3844 1112 3902 in
1159 3861 1240 3904 eo
1289 3862 1368 3902 ex
1411 3841 1608 3922 longo
1645 3859 1758 3923 ge-

273 3947 387 4007 stis
412 3944 687 4031 insignis
725 3945 917 4028 hujus
957 3944 1109 4028 typi·
1136 3964 1394 4007 causam
1428 3941 1755 4026 praebuit.

298 4111 307 4114 ,
551 4052 633 4108 Ve
677 4051 772 4110 lit.
810 4050 877 4110 C.

275 4148 791 4213 PANNONIAE.
862 4150 1099 4212 Mulier
1139 4156 1321 4208 stam
1361 4148 1423 4207 d.
1468 4154 1751 4218 extenta,

222 4287 242 4300 -
273 4270 320 4318 s.
360 4254 605 4328 siquam
644 4255 946 4314 militare.
995 4247 1231 4329 (Band.
1275 4251 1444 4309 Mus.
1490 4247 1708 4324 Caes.)

389 4352 486 4412 Ex
518 4352 726 4413 causis
757 4351 1079 4436 similibus
1112 4351 1281 4414 lecta
1310 4349 1474 4411 haec
1505 4366 1769 4411 aversa..

349 4565 397 4614 a*
436 4561 644 4632 Pancg.
686 4559 764 4614 ad
803 4561 1137 4624 Maximino.
1181 4580 1230 4619 ο.
1270 4570 1321 4620 ’2.

448 4655 622 4732 (μοι.
667 4656 838 4730 Vll.)

1870 3537 2148 3630 humero.
2193 3535 2334 3620 AV.
2395 3537 2595 3614 (Mus.
2644 3538 2830 3601 Caes.
2874 3534 3117 3613 Band.)
3178 3537 3369 3599 Simi-

1869 3638 2000 3698 lem
2046 3639 2209 3699 item
2270 3634 2544 3700 aux-etim
2601 3637 2758 3701 citat
2815 3638 3042 3714 Occo,
3103 3637 3223 3700 sed
3266 3639 3361 3700 in-

1872 3739 2231 3822 scriptum:
2278 3740 2468 3802 COS.
2514 3741 2625 3801 111.

1993 3842 2100 3902 En
2160 3861 2398 3905 numos
2458 3841 2798 3905 Aureliani
2859 3859 3089 3904 omnes
3155 3859 3365 3924 usque

1870 3942 2068 4004 modo
2129 3943 2430 4024 cognitos
2489 3943 2662 4005 notis
2719 3939 3210 4024 chronologicis
3268 3941 3363 4000 in-

1869 4043 2123 4126 signes,
2168 4044 2287 4105 sed
2331 4065 2490 4129 quas
2534 4057 2898 4127 praestaret
2943 4061 3214 4126 prorsus
3257 4043 3365 4104 ab·

1870 4162 2051 4222 esse,
2108 4166 2254 4206 nam
2318 4158 2453 4206 tum
2517 4144 3013 4230 chronologiam
3062 4144 3189 4204 etsi
3234 4163 3369 4205 non

1866 4243 2207 4326 juvarent,
2270 4266 2403 4308 non
2467 4244 2807 4308 turbarent
2871 4262 3105 4307 tamen.
3199 4248 3367 4310 Sane

1869 4365 1999 4429 quo
2044 4366 2215 4438 anno
2260 4346 2503 4409 tribun.
2550 4357 2944 4429 potestatem
2993 4346 3105 4438 VI.
3151 4346 3358 4419 inivit,

2744 4649 2956 4732 Pri>
