4652 5937
1623 430 2090 509 DECIVS.

326 672 333 681 ,
541 665 549 668 ,
618 615 691 672 V.
738 612 801 673 C.
849 618 1030 677 5004.
1074 615 1147 677 P.
1193 617 1280 677 X.
1322 621 1468 677 251.

420 716 542 776 Ta.
585 718 651 775 Ρ.
693 717 820 776 III.
870 717 1046 789 COS.
1088 718 1214 778 111.
1253 718 1321 776 Ρ.
1359 720 1446 779 Μ.
1492 720 1563 780 Ρ.
1617 720 1683 779 Ρ.

314 815 510 877 Decio
556 818 723 897 Any.
769 820 889 880 111.
909 860 927 891 ,
1003 821 1078 893 Q.
1147 820 1467 882 Herennio
1531 823 1801 884 Etrusco

886 920 1069 991 Caes.
1097 939 1226 982 cos.

441 1121 515 1182 ln
576 1120 831 1206 praelio
895 1120 1242 1185 adversum
1313 1123 1568 1186 Gothos
1632 1122 1806 1208 apud

312 1222 653 1286 Abricium
729 1208 1050 1286 Thraciae
1119 1225 1493 1311 proditione
1560 1226 1814 1288 Trebo-

310 1324 526 1400 niani,
572 1338 646 1387 ut
698 1324 1084 1408 quibusdam
1138 1327 1503 1403 creditum,
1566 1326 1845 1412 palude⁴

314 1426 585 1489 haustus
639 1425 778 1489 obit
833 1445 916 1486 ne
961 1441 1229 1510 reperto
1284 1430 1544 1525 quidem
1593 1430 1674 1491 ad
1709 1450 1819 1491 se-

314 1520 649 1614 pulturam
682 1528 1000 1592 cadavere
1035 1532 1109 1606 ⁸).
1156 1530 1410 1592 Eodem
1451 1531 1703 1614 praelio
1742 1537 1809 1592 et

317 1630 493 1694 filius
519 1630 891 1693 Herennius
925 1630 1116 1691 eadit.
1162 1632 1431 1692 Factum
1466 1631 1639 1694 istud
1660 1646 1811 1715 post

319 1752 612 1797 mensem
653 1731 1038 1798 Octobrem.
1085 1732 1286 1814 (Vide
1321 1746 1508 1796 tract.
1546 1732 1628 1794 de
1656 1732 1808 1794 trib.

315 1835 485 1918 pot.)
710 1916 727 1927 ,

445 1937 677 2003 Virum
717 1938 920 2001 fuisse
969 1938 1217 2001 artibus
1257 1937 1509 2000 cunctis
1559 1939 1812 2001 virtuti-

318 2037 572 2121 busque
623 2039 1234 2115 instructissimum,
1300 2039 1630 2122 placidum
1677 2062 1811 2101 mo-

271 2156 273 2161 ‘
318 2130 541 2214 ribus,
608 2154 674 2201 et
714 2142 780 2201 in
836 2142 1032 2202 armis
1080 2142 1638 2227 promptissimum
1685 2154 1813 2202 tra-

323 2239 418 2301 dit
448 2240 684 2307 Victor
713 2243 900 2303 aiter.
946 2245 1116 2303 Eum
1148 2244 1345 2306 etiam
1382 2243 1681 2305 omnibus
1706 2242 1835 2319 his

319 2340 521 2403 rebus
554 2342 862 2426 Philippo
915 2344 1114 2426 longe
1162 2344 1458 2430 praefert
1487 2344 1809 2408 Zosimus.

319 2442 484 2525 Ejus
525 2443 823 2529 insigne,
889 2446 1242 2510 et.clarum
1295 2449 1378 2510 ad
1426 2447 1810 2508 memoriam

318 2543 568 2608 factum
605 2545 942 2629 proditur,
1005 2548 1184 2632 quod
1234 2569 1573 2613 censuram
1631 2561 1812 2609 tanto

274 2704 277 2709 .
316 2636 639 2711 ‘annorum
677 2647 1029 2711 intervallo
1077 2651 1381 2713 omissam
1406 2696 1423 2725 ,
1469 2664 1664 2734 atque
1705 2670 1814 2710 an·

318 2750 514 2814 tehac
558 2748 638 2812 ab
692 2749 836 2811 unis
875 2749 1021 2812 fere
1073 2750 1580 2834 imperatoribus
1628 2771 1816 2813 exer·

208 2860 213 2865 ’
323 2852 519 2917 citam
564 2850 940 2925 revocavit,
999 2866 1066 2915 et
1116 2854 1368 2915 senatui
1409 2853 1699 2917 restituit
1730 2850 1811 2932 ¹³).

322 2956 496 3019 Eum
541 2975 689 3017 cum
726 2950 865 3014 filio
918 2952 985 3014 in
1022 2953 1207 3019 divos
1252 2955 1533 3019 relatum
1577 2956 1816 3019 libera·

321 3055 408 3119 lis
446 3056 515 3116 in
553 3055 1014 3118 consecrandis
1040 3057 1547 3140 imperatoribus
1576 3060 1815 3119 Eutro-

321 3158 471 3244 pius
502 3171 755 3233 narrat,
801 3171 866 3219 at
909 3159 976 3217 in
1014 3158 1534 3219 Christianorum
1572 3157 1817 3220 annali·
1878 3192 1883 3196 ·

324 3259 450 3325 bus
501 3257 586 3321 ob
633 3257 988 3320 exercitam
1040 3259 1107 3318 in
1149 3258 1272 3321 hos
1320 3259 1660 3323 saevitiem
1700 3280 1815 3322 no·

325 3380 479 3425 men
513 3360 707 3422 Decii
736 3359 1107 3421 inamabile.

266 3539 273 3546 ι
453 3464 640 3530 onr
675 3465 1026 3524 Etrus-cille
1047 3506 1063 3537 ,
1110 3461 1193 3524 de
1226 3482 1351 3546 qua
1380 3458 1572 3523 infra.
1600 3465 1613 3488 ¹

1056 3560 1098 3600 θ

1216 3605 1288 3653 ὓ.

892 3607 932 3646 ᾖ

621 3670 705 3728 Vc
739 3668 836 3729 lie.
859 3670 932 3728 B.

331 3772 406 3833 P.
452 3771 542 3831 M.
592 3771 732 3832 ΤΒ.
778 3769 850 3828 Ρ.
898 3769 1010 3833 111.
1067 3766 1257 3832 COS.
1302 3767 1374 3829 P.
1419 3769 1496 3832 P.
1591 3769 1825 3830 Mulier

332 3881 514 3933 stans
547 3874 609 3931 d.
641 3875 986 3933 caduceum
1021 3874 1397 3952 oblonyum,
1442 3891 1494 3931 s.
1526 3885 1828 3931 cor-reuco·-

326 3975 503 4052 ps'ae.
548 3974 687 4034 AR.

461 4076 747 4136 Numam
771 4075 948 4139 hunc
967 4072 1338 4138 Bandurius
1371 4071 1474 4136 bis
1509 4084 1691 4136 extra
1724 4092 1828 4134 se·

334 4176 505 4240 riem
536 4175 804 4252 recitat,
849 4177 916 4239 in
949 4176 1156 4261 praef.
1192 4199 1258 4260 p.
1288 4198 1350 4256 7.
1388 4188 1455 4240 et
1493 4197 1645 4238 mox
1675 4187 1826 4274 post

337 4274 545 4361 praef.
595 4277 665 4339 in
707 4278 994 4359 addend.
1041 4292 1395 4362 propterea
1459 4289 1868 4347 memoratu,

336 4378 645 4461 dignum,
710 4379 1016 4463 quoniam
1074 4379 1400 4464 neglectis
1460 4377 1827 4442 Goltzianis

337 4479 569 4566 unicus
612 4492 714 4540 est
760 4498 843 4542 ex
896 4481 1075 4544 omni
1116 4473 1309 4544 Decii
1356 4495 1653 4556 moneta,
1714 4478 1827 4564 qui

413 4712 476 4780 a)
518 4689 725 4774 Victor
752 4695 923 4762 alter.

1068 4704 1138 4781 12)
1173 4703 1429 4764 Trebell.
1462 4703 1527 4763 in
1559 4697 1876 4766 Valeriano
1914 4699 2026 4760 sub
2059 4699 2187 4759 init.

3235 452 3401 545 '343
3435 484 3442 493 ·

1914 617 2067 679 trib.
2110 626 2502 701 potestatem
2543 631 2890 682 memorat.
2937 615 3069 683 Sed
3105 618 3210 680 vel
3238 618 3411 683 istud

1918 718 2133 804 ipsum
2159 740 2424 811 numium
2449 733 2823 803 suspectum
2845 718 3020 783 facit.
3051 719 3426 785 Enimvero
3457 780 3462 785 ,

1918 833 2055 882 tota
2099 821 2260 884 haec
2313 841 2544 885 aversa
2582 822 2862 884 habetur
2923 822 2990 883 in
3042 818 3254 883 numis
3300 822 3415 885 ob·

1921 922 2046 987 viis
2082 921 2374 1006 Philippi
2410 925 2460 987 1.
2508 925 2774 985 Constat
2808 942 2970 988 vero
3009 926 3244 998 etiam,
3290 924 3411 987 hae

1920 1037 2171 1098 aetate,
2216 1024 2574 1108 praecipue
2616 1027 2683 1085 in
2735 1025 3096 1109 argenteis,
3140 1046 3272 1086 non
3314 1047 3415 1086 ra·

1920 1146 1999 1187 ro
2034 1125 2276 1208 prioris
2306 1124 2572 1209 imperii
2610 1139 2800 1210 typos
2849 1128 3179 1209 praesenti
3212 1126 3415 1210 appii·
3507 1142 3514 1149 ¹

1925 1241 2125 1289 catos.
2185 1225 2295 1287 Sic
2324 1228 2389 1287 in
2426 1248 2653 1290 museo
2687 1232 3008 1289 Caesareo
3052 1241 3264 1288 exstat
3301 1249 3419 1288 nu-

1924 1349 2068 1389 mus
2111 1328 2476 1404 Herennii,
2534 1329 2601 1389 in
2647 1329 2829 1410 cujus
2882 1323 2929 1395 Σ
2986 1328 3417 1413 8ΑΕΟἿὴΔ-

1922 1429 2119 1494 RES.
2183 1430 2448 1497 AVGG.
2542 1434 2778 1511 Capra,
2838 1432 3015 1510 infra
3073 1431 3223 1504 111„
3304 1429 3418 1512 qui

1921 1546 2115 1616 typus
2172 1546 2350 1594 totus
2411 1531 2492 1592 ad
2535 1531 2915 1615 Philippum
2958 1530 3043 1593 11.
3105 1529 3414 1614 pertinet.

1927 1632 2155 1695 Serius
2213 1632 2544 1715 comperi,
2606 1633 2783 1695 idem
2829 1618 3088 1695 mecum
3133 1631 3416 1693 sensisse

1923 1733 2303 1796 Bimardum
2370 1737 2441 1814 0).
2528 1733 2787 1810 Fuere,
2846 1734 2959 1817 qui
3016 1733 3418 1808 adsererent,

1924 1858 2340 1921 suppressam
2387 1834 2540 1897 trib.
2585 1837 2925 1920 potestatis
2990 1836 3416 1909 mentionem,

1926 1939 2075 2023 quia
2109 1939 2354 1999 Decius
2411 1957 2554 1998 eam
2609 1936 2990 2019 dignitatem
3035 1938 3282 2020 populo
3318 1956 3421 1999 re-

1928 2039 2253 2112 stituerit,
2299 2036 2478 2121 quod
2515 2051 2697 2099 certe
2736 2036 3010 2111 falsum,
3057 2030 3204 2120 quia
3245 2037 3418 2098 hunc
3460 2082 3468 2089 .

1925 2141 2027 2203 illi
2070 2141 2393 2211 honorem
2458 2159 2589 2199 non
2650 2158 2854 2222 pauca
2916 2138 3212 2200 tribuunt
3255 2159 3423 2201 mar·

1927 2263 2143 2315 mora,
2189 2260 2355 2324 quae
2399 2238 2694 2329 dabimus
2726 2241 2794 2301 in
2836 2251 3114 2303 tractatu
3148 2237 3231 2301 de
3265 2238 3415 2301 trib.

1926 2357 2274 2430 potestate.
3191 2338 3198 2347 ’

2328 2608 2335 2615 -
2415 2568 2656 2631 Numi
2696 2567 2933 2646 vays’:

2212 2756 2295 2813 Vt
2328 2756 2424 2814 lit.
2460 2757 2531 2813 B.
2701 2776 2704 2779 “

1925 2854 2521 2920 ABVNDANTIA.
2553 2851 2755 2918 AVG.
2809 2853 3044 2913 Mulier
3084 2870 3169 2913 ea.-
3198 2871 3426 2914 cornu-

1928 2960 2155 3037 copiae
2211 2978 2362 3036 opes
2420 2956 2777 3036 effundens.
2851 2953 2990 3021 AV.
3035 2953 3172 3034 AR.
3220 2954 3422 3033 (Mus.

1932 3059 2149 3138 Caes.)

2057 3165 2308 3222 Aversa
2348 3171 2623 3243 propter
2666 3159 3040 3238 elegantem
3098 3156 3425 3220 abundan-

1932 3262 2059 3326 tiae
2092 3261 2447 3342 imaginem
2487 3258 2885 3342 spectabilis.

2222 3366 2305 3421 Vt
2338 3363 2435 3422 lit.
2475 3364 2547 3422 B.
2757 3391 2762 3396 ·

1935 3461 2477 3529 CONCORDIA.
2511 3459 2768 3528 AVGG.
2810 3463 3037 3536 Capita
3070 3465 3218 3522 hinc
3239 3466 3431 3523 Etru·

1935 3569 2192 3640 scillae,
2223 3568 2372 3625 inda
2393 3569 2626 3643 fuyata
2643 3565 2953 3626 Her-ennii
2967 3571 3032 3624 et
3047 3565 3426 3629 Hostiliam‘.

1937 3669 2076 3730 AR.
2122 3664 2496 3748 (Banduri.)

2231 3773 2315 3829 Vt
2357 3770 2456 3830 lit.
2490 3771 2565 3828 B.
2610 3776 2675 3827 et
2709 3769 2790 3827 D.

1937 3867 2199 3932 DACIA
2211 3914 2225 3929 .
2246 3874 2475 3930 Mulier
2493 3879 2672 3930 stans
2686 3871 2751 3930 d.
2769 3877 3020 3928 contum
3038 3870 3245 3941 capite
3257 3870 3435 3928 asini

1930 3975 2309 4053 praefixum.
2376 3970 2665 4031 In-aliis:
2727 3972 2948 4028 eadem
2984 3978 3155 4029 tenet
3184 3973 3436 4050 siquam

1937 4077 2244 4135 militare.
2324 4073 2465 4139 AV.
2511 4074 2651 4133 AR.
2696 4069 2778 4164 Q.
2824 4069 2967 4133 ΑΕ.
3011 4069 3058 4130 1.
3103 4070 3183 4133 Π.
3234 4071 3434 4149 (Mus.

1941 4174 2161 4255 Caes.)

2230 4280 2316 4338 Vt
2347 4279 2442 4337 lie.
2484 4278 2558 4339 B.

1940 4377 2224 4440 DACIA.
2246 4378 2534 4438 FELIX.
2589 4375 2824 4436 Mulier.
2846 4383 3029 4434 stans
3069 4379 3130 4436 d.
3152 4386 3324 4438 tenet
3351 4381 3439 4437 si-

1935 4500 2136 4560 quam
2150 4482 2453 4543 militare.
2478 4478 2769 4545 AV.AR.
2785 4480 2921 4541 ΑΕ.
2936 4480 2985 4542 Ι.
3006 4479 3438 4558 II.(M.Caes.)

2339 4705 2398 4772 c)
2437 4702 2505 4761 B.
2545 4701 2608 4758 L.
2650 4702 2716 4759 Τ.
2756 4700 2886 4760 ΧΠ.
2925 4704 3097 4761 Mem.
3138 4721 3196 4781 p.
3236 4679 3365 4762 2024.
