4652 5937
1581 420 2241 497 MAfleINVS
2303 425 2361 498 1.

1974 664 1981 669 .
2014 614 2277 674 Adsunt
2312 612 2586 688 milites,
2631 624 2699 676 et
2727 617 2989 694 captivi.
3033 611 3172 677 AB.
3215 618 3267 681 1.
3308 616 3509 700 (Mus.

740 617 981 677 Eadem
1015 617 1311 677 adversa.

409 704 706 785 VOTIS.
774 713 1473 784 DECENNALIBVS.
1536 716 1709 775 cntra
1743 712 1904 789 ‚tau-

410 837 612 881 ream.
657 817 796 882 AV.
828 818 964 878 AR.
996 816 1132 877 AE.
1169 818 1218 880 1.
1249 818 1329 877 11.

541 917 645 979 Ad
683 915 857 981 huno
892 938 1126 979 annum
1152 962 1169 993 ,
1216 930 1282 980 et
1325 931 1581 1001 partem
1632 932 1908 1000 sequen-

415 1020 500 1084 tis
534 1017 875 1081 referendi
903 1020 1086 1078 numi
1121 1018 1460 1079 Maximini
1493 1036 1720 1079 omnes
1742 1057 1759 1088 ‚
1794 1014 1907 1096 qui

413 1112 855 1207 appellatione
923 1122 1291 1182 Germanici
1340 1117 1663 1179 abstinent
1687 1159 1704 1192 ,
1782 1136 1907 1199 qua

413 1221 606 1285 illum
656 1221 725 1281 in
777 1219 928 1288 trib.
977 1235 1300 1302 potestate
1349 1222 1429 1280 11.
1468 1217 1672 1279 fuisse
1717 1237 1905 1279 orna-

416 1333 555 1385 tum
582 1364 600 1399 ,
646 1341 728 1385 ex
762 1321 1095 1407 sequentis
1126 1321 1277 1384 anni
1310 1331 1571 1383 moneta
1591 1315 1861 1401 patebit.

775 1528 849 1587 V.
897 1528 958 1588 C.
1004 1534 1151 1591 989.
1195 1527 1267 1586 P.
1311 1526 1395 1584 X.
1440 1530 1586 1586 236.

639 1630 766 1690 ΤΗ.
813 1629 879 1686 Ρ.
920 1629 1006 1687 ΙΙ.
1041 1628 1224 1688 COS.
1266 1629 1337 1686 P.
1381 1630 1468 1687 M.
1514 1627 1586 1686 P.
1620 1626 1695 1686 P.

520 1732 884 1795 Maximino
916 1733 1084 1807 Auq.
1108 1770 1127 1803 ,
1169 1728 1296 1794 Iul.
1316 1727 1633 1805 Africano
1665 1745 1795 1789 cos.

509 1922 912 1997 *Germanos
969 1947 1163 2012 saepe
1222 1926 1464 2004 vineit,
1526 1925 1911 2011 magnisque

419 2031 858 2099 incommodis
909 2028 1130 2094 adficit
1179 2049 1409 2092 eorum
1443 2027 1619 2113 agris
1651 2028 1782 2090 late
1815 2028 1913 2089 in·

419 2147 711 2200 trorsum
758 2132 1042 2198 vastatis.

707 2338 888 2400 ΙΜΡ.
921 2326 1676 2403 MAXIMIst.P1V8.
1704 2331 1912 2402 AVG.

658 2488 661 2493 »
709 2443 913 2519 Caput
940 2442 1317 2500 laureatum.

421 2546 507 2609 Ρ.
530 2544 625 2605 Μ.
659 2542 801 2605 TR.
842 2543 918 2604 P.
966 2542 1048 2601 11.
1101 2538 1292 2603 COS.
1337 2540 1415 2603 P.
1453 2539 1534 2600 Ρ.
1576 2541 1916 2603 Processus

423 2647 805 2709 consularis.
847 2646 928 2704 In
961 2645 1117 2702 aliis
1148 2644 1273 2703 alii
1304 2643 1444 2721 typi
1458 2682 1475 2715 ,
1517 2641 1693 2722 iique
1723 2641 1919 2701 obvii.

428 2749 509 2812 In
542 2746 721 2810 omni
752 2743 1022 2809 metallo
1053 2756 1118 2804 et
1157 2741 1391 2803 forma.

757 2850 998 2908 Eadem
1042 2826 1334 2904 adversa.
1530 2875 1537 2881 ·

423 2947 873 3020 VICTORIA.
903 2944 1437 3009 GERMANICA.
1481 2946 1549 3010 s.
1597 2943 1671 3010 c.
1720 2928 1922 3023 ‘Inme-

426 3064 607 3117 ναίον
631 3053 985 3131 paludatus
1008 3058 1190 3109 stam
1223 3052 1286 3110 d.
1333 3052 1509 3110 elata
1527 3091 1545 3122 ,
1578 3068 1631 3109 s.
1667 3050 1920 3109 hastam

426 3162 769 3218 coronatur
800 3153 883 3211 ab
914 3153 1209 3212 adstante
1228 3152 1534 3223 Victoria,
1556 3150 1744 3220 *humi
1772 3167 1921 3229 cap·

429 3257 599 3319 tinus
633 3254 886 3318 sedens.
913 3251 1054 3313 ΔΕ.
1088 3253 1140 3317 1.
1181 3251 1381 3332 (Mus.
1408 3248 1627 3330 Caes.)

931 3457 1174 3518 Eodem
1216 3469 1386 3515 anno
1406 3471 1434 3513 .·

724 3557 972 3637 Incipit
1013 3551 1603 3640 GERMANICVS.

712 3756 1240 3821 MAXIMINVS.
1364 3753 1587 3824 PIVS.
1718 3748 1917 3819 AVG.

718 3856 995 3920 GERM.
1043 3860 1243 3936 Caput
1286 3859 1644 3919 laureatum
1664 3895 1685 3932 ‚
1727 3857 1925 3919 etiam

716 3963 1042 4023 radiatum
1075 3962 1146 4020 cn
1177 3960 1321 4021 AB.
1352 3958 1442 4020 ιι.
1948 3945 1951 3948 ’

433 4065 509 4126 Ρ.
529 4063 622 4125 Μ.
656 4059 796 4124 ΤΒ.
821 4060 904 4122 11.
941 4058 1129 4121 COS.
1149 4059 1223 4119 P.
1256 4059 1333 4122 P.
1364 4060 1717 4135 Imperator
1747 4065 1927 4121 stane

322 4191 325 4200 ἱ
433 4169 604 4228 inter
635 4167 826 4245 sn'yna
857 4162 1196 4224 militaria.

763 4350 1011 4410 Eadem
1052 4349 1349 4409 advena.

434 4464 886 4537 VICTORIA.
912 4461 1548 4530 AVGVSTORVM.
1580 4462 1646 4525 3.
1680 4462 1751 4526 C.
1791 4464 1928 4523 Ma·

435 4573 748 4640 aiminus,
774 4577 840 4629 et
859 4568 1499 4643 Maximuspaludati
1513 4574 1756 4627 stantes
1771 4567 1931 4626 dem-

436 4684 611 4739 teras
620 4676 932 4750 jammam,
964 4676 1030 4728 et
1048 4668 1245 4728 simul
1261 4669 1675 4730 Victor-ialam
1695 4676 1924 4730 tenent.

3357 450 3601 531 291·.

2020 713 2239 794 Caes.)

2152 811 2349 909 Quod
2392 834 2475 878 ex
2519 817 2956 880 monumentis
2986 822 3323 885 veteribus
3357 843 3515 887 con-

2021 928 2150 977 stet
2175 959 2192 990 ,
2237 914 2515 998 Augusti
2556 917 2765 981 honos
2811 920 2878 979 in
2917 922 3272 985 Maximum
3311 923 3511 987 oolla·

2020 1028 2124 1076 tus
2158 1037 2489 1098 nunquam
2528 1017 2672 1079 fuit.
2735 1018 2958 1113 Quare
3006 1022 3076 1083 in
3112 1022 3239 1086 hoe
3287 1044 3522 1103 numo,

2020 1117 2298 1200 aliisque
2349 1116 2670 1180 similibus
2725 1133 2972 1182 tantum
3035 1136 3313 1206 propter
3362 1145 3517 1189 con·

2021 1219 2295 1278 sortium
2335 1222 2484 1279 eum
2525 1233 2711 1302 patre
2746 1220 2817 1281 in
2863 1221 3006 1303 ejus
3053 1223 3325 1288 honoris
3367 1246 3520 1310 par-

2022 1330 2156 1380 tem
2187 1318 2386 1385 venit.
2766 1380 2772 1385 .

2585 1464 2626 1504 u
2749 1424 2788 1461 ³*
2912 1466 2951 1506 se
2973 1490 2986 1497 -
3521 1494 3546 1507 Ι

2150 1520 2481 1606 Deinceps
2500 1524 2682 1584 numi
2714 1544 2862 1586 eum
2898 1526 3090 1588 titulo
3113 1528 3517 1604 Germanici,

2028 1641 2178 1685 cum
2221 1623 2373 1684 trib.
2428 1636 2821 1705 potestatem
2870 1647 3003 1687 non
3065 1628 3346 1705 addunt,
3390 1651 3518 1713 per

2025 1722 2321 1806 reliquos
2341 1724 2678 1799 Maximini
2706 1747 2910 1788 annos
2940 1730 3125 1791 nullo
3167 1744 3351 1792 certo
3390 1731 3521 1793 cri·

2023 1823 2196 1885 terio
2230 1837 2550 1908 vagantur
2571 1869 2588 1900 ,
2633 1840 2740 1888 ut:
2786 1829 3072 1890 FIDES.
3105 1833 3514 1903 MILITVM.

2022 1956 2111 1972 -
2140 1926 2338 1987 PAX.
2375 1924 2786 1993 AVGVSTI.
2832 1941 2962 1996 etc.

2394 2130 2467 2191 V.
2510 2131 2573 2191 C.
2605 2138 2749 2195 990.
2784 2134 2851 2191 P.
2885 2135 2968 2194 X.
3015 2141 3165 2196 237:

2030 2229 2159 2299 ΤΒ.
2203 2228 2282 2292 1².
2324 2231 2450 2290 111.
2510 2233 2685 2292 COS.
2734 2234 2808 2293 Ρ.
2865 2237 2955 2296 Μ.
3006 2238 3081 2299 Ρ.
3124 2241 3199 2301 P.
3250 2241 3516 2303 GEBM.

2294 2331 2604 2410 Perpetuo
2626 2374 2648 2406 ,
2693 2335 3070 2398 Corneliano
3111 2358 3242 2402 cos.

2155 2534 2393 2595 Pacata
2414 2531 2762 2597 Germania
2789 2536 3099 2601 Sirmium
3137 2538 3206 2601 in
3240 2539 3517 2605 hiberna

2035 2634 2360 2698 coneedit.

2316 2737 2836 2805 MAXIMINVS.
2970 2742 3190 2809 PIVS.

2318 2840 2593 2902 GERM.
2639 2844 2842 2921 Caput
2873 2845 3248 2905 laureatum.

2031 2938 2110 3004 P.
2146 2940 2239 3000 M.
2281 2942 2422 3004 ΤΒ.
2455 2945 2527 3007 P.
2569 2945 2679 3005 111.
2719 2942 2909 3007 COS.
2942 2946 3016 3007 P.
3052 2948 3126 3008 P.
3171 2947 3526 3025 Imperator

2032 3050 2216 3104 stam
2247 3046 2416 3106 inter
2457 3049 2648 3126 siqua
2679 3048 3018 3115 militaria.
3065 3048 3140 3111 In
3181 3045 3359 3111 omni
3392 3065 3527 3107 me-

2034 3141 2196 3207 tallo
2235 3157 2302 3208 et
2337 3144 2571 3209 forma.

3315 2741 3518 2811 AVG.

2385 3350 2461 3410 V.
2511 3351 2571 3411 C.
2612 3360 2760 3415 991.
2804 3356 2877 3413 Ρ.
2926 3353 3007 3414 Χ.
3052 3360 3198 3418 238.

2239 3450 2371 3511 TR.
2406 3451 2477 3522 P.
2512 3450 2630 3511 JV.
2671 3454 2846 3514 COS.
2877 3457 2950 3514 P.
3010 3456 3093 3516 M.
3141 3456 3209 3515 P.
3254 3460 3327 3517 P.

2192 3556 2321 3611 An.
2359 3552 2513 3626 Pio,
2554 3554 2876 3617 Pontiano
2926 3557 3193 3619 Proculo
3229 3578 3357 3620 cos.
3449 3577 3456 3586 ·

2158 3751 2339 3815 Dum
2382 3751 2634 3816 bellum
2668 3755 2735 3816 in
2777 3755 3103 3819 Sarmatas
3151 3759 3525 3839 meditatur,

2035 3852 2105 3916 in
2155 3852 2382 3918 Africa
2426 3855 2743 3940 Gordiani
2801 3855 2933 3920 duo
2984 3859 3264 3943 Augusti
3323 3863 3531 3927 aocla-

2036 3965 2333 4031 mantur,
2403 3957 2472 4019 in
2527 3977 2809 4041 quorum
2864 3958 3132 4022 nomina
3217 3963 3530 4027 continuo

2041 4057 2253 4122 omnis
2311 4060 2561 4133 Roma,
2621 4078 2698 4121 ae
2752 4060 3110 4143 pleraeque
3149 4064 3533 4144 provinciae

2040 4156 2370 4241 juravere.
2454 4157 2579 4219 His
2623 4153 2801 4256 haud
2856 4161 3069 4224 multo
3120 4177 3271 4248 post
3321 4166 3527 4229 caesis

2044 4273 2307 4324 senatus
2368 4259 2726 4322 Maximum
2789 4259 3195 4344 Pupienum,
3265 4278 3332 4328 et
3385 4269 3536 4330 1331-

2042 4361 2270 4424 binum
2318 4363 2686 4445 Augustos,
2745 4376 2814 4424 et
2863 4361 3266 4428 Gordianum
3321 4367 3537 4451 junio·

2042 4482 2184 4527 rem
2239 4464 2585 4527 Caesarem
2636 4461 2898 4526 sufficit.
2987 4463 3138 4562 Quo
3190 4467 3546 4535 inte-Uecto-

2042 4563 2435 4626 Maximinus
2474 4562 2705 4658 fui-one
2754 4585 3034 4644 amens‚.
3061 4581 3131 4630 et
3179 4570 3532 4637 vindictam

2043 4663 2825 4749 spiransprofeotionem
2885 4668 2956 4730 in
3008 4669 3259 4734 ltaliam
3313 4676 3536 4743 edicit.

2909 4777 3134 4847 002
