4652 5937
1620 446 1693 521 M
1711 448 2039 524 ζΧΜΑΕ
2059 452 2145 529 A.

352 624 516 688 urbe
554 643 685 686 non
725 625 979 688 extulit.
1049 626 1345 713 Sequens
1390 626 1531 713 ejus
1577 628 1841 697 fortuna

346 718 638 801 incerta,
705 741 775 790 et
829 727 1144 803 obscura,
1192 729 1402 794 donee
1450 731 1712 796 admoto
1757 732 1841 795 ad

345 828 701 911 impeiium
752 843 996 912 nepote
1032 832 1393 915 Elagabalo
1450 833 1669 915 coepit
1712 834 1843 897 cla-

345 948 635 1017 rescere.
726 931 892 1013 Cum
934 931 1061 994 hoc
1096 933 1372 995 Romam
1424 933 1723 1017 profecta
1768 931 1842 995 fi-

348 1029 506 1093 lium
531 1073 548 1105 ‚
593 1030 707 1115 qui
737 1031 1024 1094 triennio
1048 1046 1196 1117 post
1226 1056 1261 1096 a
1280 1034 1676 1098 consobrino
1692 1036 1846 1097 Ela-

352 1129 587 1212 gabalo
648 1132 990 1216 adoptatus
1056 1148 1195 1210 est,
1268 1137 1583 1199 maternis
1645 1137 1840 1218 plane

351 1233 530 1294 curis
577 1232 905 1315 protexit,
967 1252 1051 1295 ne
1096 1248 1206 1297 aut
1253 1257 1449 1319 prava
1492 1236 1843 1321 imperato·

346 1330 441 1409 ris
497 1334 797 1415 exempla
844 1333 984 1416 ejus
1039 1335 1321 1396 animum
1358 1350 1838 1419 perverterent

350 1448 461 1498 aut
517 1435 710 1518 hujus
768 1434 1055 1511 insidiis,
1131 1456 1289 1521 quas
1349 1437 1404 1498 is
1463 1436 1840 1500 Alexandro

352 1557 506 1598 mox
558 1550 709 1622 post
740 1536 1161 1620 adoptionem
1198 1551 1455 1601 struere
1501 1540 1756 1624 coepit,
1802 1559 1838 1601 e

349 1635 572 1699 medio
607 1637 981 1701 tolleretur.
1024 1637 1199 1700 Filio
1217 1639 1697 1724 perElagabali
1728 1660 1843 1702 ne

342 1757 494 1802 cem
545 1737 628 1800 ad
674 1739 1023 1821 imperium
1074 1754 1304 1802 vocato
1356 1739 1670 1825 ipsaiam
1705 1744 1841 1804 Au-

345 1850 582 1921 9ustae
617 1840 881 1901 nomine
919 1840 1191 1924 insignis
1236 1844 1292 1918 ⁸)
1345 1861 1607 1904 omnem
1659 1840 1840 1906 dedit

346 1959 610 2026 operam
636 1984 655 2015 ‚
717 1961 801 2002 ne
846 1954 1156 2024 augustus
1200 1941 1667 2007 adolescensssa
1707 1943 1839 2009 vir·

345 2055 489 2103 tute
548 2041 631 2104 ad
669 2042 843 2104 ‘vitia
921 2040 1341 2131 deflecteret,
1414 2043 1669 2128 fuitque
1730 2065 1835 2124 eo,

352 2141 529 2225 quod
564 2138 703 2204 'rari
752 2156 852 2204 est
883 2142 1206 2226 exempli,
1251 2143 1576 2206 fortunata
1601 2187 1618 2219 ,
1663 2146 1843 2230 quod

346 2231 589 2318 filium,
638 2244 853 2327 quoad
895 2244 1097 2324 vixit,
1142 2243 1510 2328 praeceptis
1562 2245 1696 2307 suis
1729 2246 1841 2309 ob-

351 2357 734 2429 sequentem
772 2342 1016 2406 habuit.
1062 2346 1275 2430 Atque
1310 2346 1654 2428 praeclaro
1687 2346 1840 2412 huie

350 2445 580 2508 matris
647 2443 1159 2527 sapientissimae
1218 2444 1515 2509 instituto
1559 2445 1841 2538 delgebat

352 2546 532 2612 orbis
567 2545 1081 2608 administratum
1114 2565 1237 2629 per
1265 2567 1468 2611 annos
1497 2546 1643 2611 fere
1663 2550 1839 2615 xlv.

351 2661 576 2712 sancte
636 2660 827 2731 atque
882 2645 1139 2729 integre
1200 2648 1572 2734 imperium.
1658 2651 1839 2713 Inter

346 2749 722 2836 praeclaras
781 2747 899 2809 has
955 2747 1232 2811 virtutes
1307 2751 1440 2813 suis
1515 2751 1839 2816 laboravit

349 2851 568 2928 vitiis,
613 2868 890 2935 quorum
938 2848 1219 2912 maxime
1251 2832 1518 2915 foedum
1569 2851 1696 2916 fuit
1737 2875 1841 2916 ar·

346 2952 649 3039 rogantia
685 2948 1024 3013 muliebris
1046 2995 1063 3027 ,
1109 2973 1234 3036 qua
1266 2950 1445 3017 ferre
1485 2956 1835 3021 mulierem

350 3054 696 3139 aequalem
755 3072 886 3114 non
948 3053 1180 3134 potuit.
1269 3052 1480 3149 Quam
1523 3057 1839 3122 atrociter

348 3155 626 3238 primam
698 3150 818 3214 filii
876 3173 1152 3216 uxorem
1223 3153 1537 3218 insectata
1611 3158 1836 3236 fuerit,

348 3275 543 3338 supra
584 3254 1026 3336 exposuimus.
1072 3255 1428 3339 Regendae
1458 3276 1617 3323 vero
1660 3259 1825 3342 reip.

347 3367 569 3439 partes
628 3354 793 3420 adeo
852 3356 992 3439 ipsa
1051 3357 1426 3440 praecepit,
1501 3371 1574 3422 ut
1645 3358 1831 3422 adse-

351 3474 507 3517 rere
549 3474 682 3517 non
726 3454 1122 3520 ‘dubitaverit
1150 3457 1586 3542 Herodianus,
1620 3478 1836 3544 penes

351 3555 795 3620 Alexandrum
829 3576 1067 3621 nomen
1089 3602 1105 3634 ‚
1148 3573 1216 3622 et
1247 3559 1528 3645 insignia
1553 3559 1836 3644 imperii,

354 3673 418 3721 at
452 3671 840 3743 potestatem
864 3678 1067 3742 penes
1104 3662 1416 3725 mulieres
1444 3661 1668 3725 fuisse.
1713 3664 1838 3725 lm-

348 3759 757 3822 moderatum
801 3758 1139 3822 faciendae
1184 3764 1504 3847 pecuniae
1549 3753 1835 3825 studiuin

347 3858 475 3943 ipsi
511 3857 692 3934 filio,
735 3860 845 3944 qui
884 3860 1099 3923 omnia
1130 3860 1198 3922 in
1233 3877 1441 3926 matre
1481 3864 1670 3939 tulit,
1716 3864 1838 3926 im·

345 3959 691 4042 probatum
748 3973 847 4022 est
893 3957 1003 4040 b),
1061 3959 1315 4047 fuitque
1375 3964 1834 4048 intempestiva

351 4058 517 4123 haec
545 4059 939 4146 parsimonia
958 4081 1090 4125 non
1111 4078 1441 4146 postrema
1468 4086 1659 4127 causa
1694 4066 1836 4149 ej-us

332 4161 773 4234 calamitatis,
839 4161 946 4225 cui
997 4163 1136 4246 ipsa
1192 4164 1453 4227 demum
1506 4166 1573 4227 in
1622 4165 1835 4230 Gallia

350 4283 477 4325 una
522 4283 674 4326 cum
717 4260 857 4324 filio
903 4264 1284 4341 succubuit,
1349 4280 1421 4328 ut
1479 4265 1724 4339 dictum
1767 4268 1837 4329 in

347 4362 755 4428 Alexandro.
796 4362 1140 4431 Adfectam
1169 4366 1500 4432 immerito
1530 4367 1658 4434 hoc
1689 4391 1840 4456 sup-

3296 487 3434 558 28¹2

1953 635 2155 721 plicio
2201 651 2461 702 senatus
2503 662 2636 707 non
2687 647 2937 724 minus,
3000 671 3185 735 quam
3231 652 3438 719 filium

1955 737 2157 812 luxit,
2257 738 2550 824 fecitque
2626 748 3012 833 participem
3089 754 3436 851 honorum,

1956 857 2122 919 quos
2181 839 2557 905 Alexandro
2605 844 2920 912 defuncto
2977 853 3243 935 publice
3288 881 3443 925 con·

1957 937 2184 1004 stituit.
2230 941 2461 1005 Fuisse
2497 964 2638 1007 eam
2679 949 3062 1015 Christianis
3094 960 3324 1025 sacris
3336 961 3443 1023 ad-

1958 1035 2195 1101 dictam
2217 1082 2233 1113 ,
2281 1052 2349 1102 et
2383 1043 2809 1118 Christianam
2830 1051 2910 1111 ab
2946 1053 3309 1127 illustribus
3339 1084 3446 1126 ec-

1958 1138 2198 1200 clesiae
2238 1155 2502 1205 nostrae
2551 1149 2983 1231 scriptoribus
3022 1160 3255 1235 passim
3302 1184 3445 1228 cre·

1957 1238 2195 1312 (litam,
2243 1241 2392 1304 vide
2430 1246 2602 1329 apud
2634 1251 3127 1317 'l'illcmontium
3164 1254 3244 1335 ἓ).

2081 1343 2318 1404 Liberi.
2365 1346 2639 1408 Praeter
2668 1349 3109 1421 Alexandrum
3142 1339 3453 1430 habuisse

1955 1436 2177 1503 filiam
2195 1442 2621 1524 Theocliam,
2668 1472 2858 1535 quam
2897 1455 2951 1518 is
2989 1462 3272 1527 Maximo
3309 1471 3445 1528 Ma-

1955 1540 2185 1602 ximini
2230 1546 2597 1624 parricidae
2649 1553 2747 1612 sui
2791 1553 2928 1621 filio
2980 1560 3243 1625 elocate
3290 1586 3444 1631 con·
3474 1555 3487 1568 ⁶

1955 1640 2289 1722 stituerat,
2335 1645 2549 1711 lesert
2593 1652 2995 1741 Capitolinus
3028 1657 3116 1741 d).

2551 1876 2834 1941 Numi.-

1954 2045 2038 2110 Α.
2235 2052 2496 2120 IVLIA·
2537 2056 2938 2127 MAMAEA.
2983 2066 3189 2136 AVG.
3230 2075 3444 2155 Hujus

2088 2162 2089 2165 ’
2143 2205 2147 2209 ,
2239 2165 2435 2231 caput
2449 2158 2520 2217 in
2535 2162 2679 2219 AV.
2705 2165 2844 2225 Aa.
2872 2170 3086 2229 rarae‘us
3103 2174 3172 2232 in
3190 2178 3333 2237 ΑΕ.
3346 2181 3445 2241 11.

1954 2249 2035 2314 Β.
2235 2251 2497 2319 IVLIA.
2543 2259 2941 2327 MAMAEA.
3001 2269 3440 2341 AVGVSTA.

2239 2351 2452 2432 Hujise
2495 2370 2690 2438 caput
2742 2367 2814 2426 in
2854 2371 3000 2433 ΑΕ.
3053 2393 3229 2440 max.
3271 2384 3438 2442 mod.

2174 2461 2180 2467 ’
2226 2452 2285 2515 Ι.
2326 2457 2420 2518 11.

1955 2549 2027 2613 C.
2214 2553 2488 2620 -JVLIA,
2554 2563 2957 2632 MAMAEA.
3013 2572 3219 2643 AVG.
3285 2581 3441 2642 MA-

2240 2656 2443 2723 TER.
2468 2662 2668 2732 AVG.
2708 2672 2779 2731 in
2813 2675 3063 2748 aeneis,
3109 2680 3180 2737 in
3211 2684 3441 2761 quibus

2233 2762 2377 2835 ejus
2403 2777 2597 2844 caput
2626 2770 2697 2829 in
2728 2774 2948 2834 antica
2961 2767 2978 2783 ⁴
3005 2778 3268 2856 κηρίων
3292 2800 3439 2848 cnm

2233 2864 2448 2938 capito
2470 2867 2621 2944 filii.

1948 2956 2035 3022 D.
2232 2959 2494 3028 IVLIA.
2524 2970 3100 3044 MAM1A5.AVG.
3130 2983 3202 3043 t‘n
3216 3003 3435 3048 aeneo.

2234 3062 2481 3143 (Elect.
2516 3067 2911 3139 Woltereek
2952 3101 3016 3163 p.
3054 3082 3239 3168 352.)

2510 3211 2551 3251 t
2675 3171 2718 3211 *
2837 3219 2876 3258 ne

2224 3266 2309 3327 Vt
2334 3268 2430 3329 lt't.
2462 3272 2537 3329 B.
2623 3275 2915 3342 Protome
2932 3287 3270 3349 Mamaeae
3297 3294 3438 3354 ala·

2228 3375 2299 3428 ta
2332 3387 2474 3430 cum
2501 3372 2632 3433 loto
2667 3378 2737 3436 in
2775 3383 2984 3457 capite
3003 3425 3021 3457 ,
3067 3395 3134 3447 et
3166 3389 3322 3449 luna
3341 3394 3436 3452 ln·-

2227 3471 2412 3530 corm'
2454 3473 2525 3532 in
2571 3477 2840 3553 occipite
2880 3484 2942 3541 d.
2988 3492 3434 3568 cornucope'ae,

2154 3609 2159 3612 -
2230 3587 2288 3628 s.
2332 3575 2590 3634 taedam
2632 3596 2774 3638 cum
2815 3583 3033 3654 mices.

1947 3662 2432 3733 mucius,
2475 3657 2969 3746 PERPETVA.
3010 3688 3309 3767 Auqnsta
3341 3713 3437 3756 se-

1946 3770 2104 3828 dens
2145 3788 2197 3828 s.
2229 3772 2481 3833 hastam
2517 3777 2599 3834 ab
2647 3784 2981 3845 accedente
3015 3793 3280 3856 muliere
3310 3797 3436 3856 ali-

1949 3871 2393 3951 quidaccipit;
2437 3879 2700 3938 adstant
2719 3883 2946 3944 multer
2958 3889 3189 3967 velata,
3208 3902 3276 3954 et
3293 3896 3438 3958 alna

1943 3973 2292 4153 ἓιιάιιοοῖηι
2334 3983 2570 4038 tenens.
2619 3978 2759 4042 ΑΕ.
2801 4003 2967 4046 max.
3004 3989 3179 4057 mod.
3228 3993 3431 4073 (Mus.

2005 4092 2168 4134 isam

2077 4173 2409 4258 Insignem
2469 4176 2650 4244 hunc
2686 4202 2954 4247 numum
2997 4157 3154 4253 facit
3196 4192 3427 4272 antica,

1949 4271 2019 4334 in
2061 4295 2187 4359 qua
2217 4270 2576 4341 Mamaeam
2620 4282 2911 4364 plurium
2948 4287 3218 4356 dearum
3250 4298 3432 4360 attri-

1949 4372 2105 4438 buta
2146 4377 2486 4443 Pantheon
2526 4380 2795 4450 faciunt.

342 4521 3420 4585 -—‚'-——-——-—————⁹-————·-·-——————u-

420 4612 485 4683 ιι)
524 4606 640 4666 Dio
677 4607 741 4666 L.
780 4608 1017 4667 LXXX.
1056 4613 1107 4684 §.
1149 4624 1205 4672 ι.

344 4696 415 4774 d)
452 4697 519 4760 in
553 4697 808 4759 Maximo
849 4718 898 4759 c,
935 4710 989 4766 3·

1345 4610 1417 4683 b)
1456 4608 1569 4670 Dio
1608 4610 1670 4670 L.
1704 4611 1937 4674 LXXX.
1978 4614 2029 4689 §·
2067 4626 2125 4679 2.
2163 4614 2487 4682 Herodian.

2632 4626 2693 4698 c)
2734 4623 2798 4687 in
2822 4626 3166 4694 Alexandro
3203 4655 3265 4716 p.
3295 4647 3419 4703 288.
