4652 5937
1202 489 1732 566 CLODIVS

174 694 508 765 poterat
553 682 802 766 jactura
852 661 1195 742 viri'inter
1237 675 1433 751 vitia,
1495 688 1562 738 et
1612 673 1740 737 vir·

178 795 403 845 tutes
453 784 660 860 varii,
724 796 791 843 et
825 780 880 841 si
915 802 949 841 a
999 792 1230 841 senatu
1269 790 1518 840 tantum
1569 796 1737 837 ama-

178 898 309 946 tus
372 899 539 961 est,
601 895 909 969 quantum
959 902 1154 943 nemo
1194 878 1598 963 principum,
1664 888 1736 936 ut

181 985 292 1048 ait
328 986 776 1069 Capitolinus
805 985 861 1063 a)
885 1027 901 1058 ,
965 986 1029 1043 in
1064 1002 1258 1044 causa
1291 978 1415 1040 fuit
1469 976 1732 1060 generis

179 1087 587 1166 nobilitas,
635 1103 699 1149 et
728 1085 905 1170 quod
931 1082 1237 1145 Albinum
1270 1079 1597 1141 mitiorem
1622 1078 1737 1141 Se·

182 1207 380 1250 vero
443 1188 780 1272 speravit,
846 1186 959 1270 qui
996 1185 1061 1244 in
1105 1195 1328 1267 patres
1362 1179 1735 1264 promiscua

191 1289 437 1351 caede
483 1289 738 1351 saeviit.
1395 1341 1398 1344 ,
1685 1357 1696 1375 ·

334 1392 555 1455 onr
583 1389 818 1451 incerti
848 1384 1163 1462 nominis,
1210 1404 1292 1447 ex
1325 1404 1450 1467 qua
1484 1380 1734 1443 liberos

187 1493 412 1565 tulit,
504 1492 623 1554 sed
674 1511 814 1551 eam
885 1509 1034 1550 cum
1078 1487 1182 1548 bis
1229 1487 1515 1548 Severus
1583 1494 1734 1566 post

189 1592 587 1656 victoriam
618 1588 941 1664 interfici,
1005 1602 1070 1650 et
1103 1586 1418 1650 cadavera
1457 1586 1521 1644 in
1555 1583 1735 1645 Rho-

197 1695 480 1778 danum
500 1691 694 1775 abjici
728 1691 917 1773 jussit
948 1679 1449 1769 ¹²).Infantulum
1474 1690 1736 1747 Pescen·-

199 1771 430 1857 nt‘um‘
472 1798 778 1856 Prineum
820 1806 1140 1854 memorat
1201 1785 1729 1871 Capitolinus-⁰).

200 1896 538 1963 onrem
563 1893 799 1958 dictam
816 1894 1019 1955 fuisse
1041 1894 1450 1953 Pescennium
1468 1887 1736 1948 Plautil-

208 2002 357 2060 lam
383 2011 594 2081 putat
611 1998 987 2069 Tristanus‚
1035 1992 1152 2055 sed
1189 1991 1567 2072 conjectura
1602 1999 1729 2046 tarn
1761 1992 1773 2003 '

203 2100 359 2162 levi
381 2143 399 2175 ,
440 2121 640 2184 quam
659 2086 902 2159 nullius
921 2094 1078 2157 fidei
1108 2107 1207 2156 est
1232 2112 1468 2154 numus
1489 2134 1504 2164 ‚
1536 2106 1730 2172 quem

203 2200 350 2263 hoc
367 2200 658 2274 nomine,
686 2198 1069 2280 inscriptum
1105 2192 1399 2278 protulit.
1442 2193 1734 2257 onrem

209 2301 630 2377 Pescennii,
702 2300 968 2362 nomine
1047 2295 1245 2360 adfini
1321 2294 1734 2355 Pescennium

214 2407 677 2479 Plautianum,
722 2401 839 2463 sed
859 2413 922 2460 et
940 2398 1106 2462 hanc
1143 2394 1506 2480 antiquitati
1545 2392 1733 2475 igno-

221 2521 390 2580 tam,
433 2506 502 2566 in
528 2502 895 2565 Pescennio
920 2501 1196 2567 vidimus
1220 2543 1236 2576 ,
1281 2515 1477 2581 quem
1509 2494 1732 2557 locum

221 2605 622 2692 cumprimis
655 2603 782 2667 adi.

839 2829 1128 2891 Numi:

1835 486 2390 566 ALBINVS.·

1852 670 1997 735 fuit.
2042 675 2226 758 Ergo
2266 673 2338 734 hi
2371 691 2598 735 omnes
2637 674 2702 736 in
2736 675 2947 739 Gallia
2972 720 2989 754 ,
3054 690 3164 741 aut
3196 669 3344 740 Bri·

1851 773 2067 835 tannia
2119 775 2429 837 malleum
2478 775 2651 857 passi
2684 792 2870 854 sunt,
2933 800 3149 863 neque
3188 801 3341 842 sane

1848 894 1972 957 per
2007 875 2321 938 fabricam
2369 876 2683 939 barbaros
2755 862 3009 942 natale-s-
3055 880 3346 945 infician-

1848 990 1988 1039 tur.
2070 979 2169 1038 An
2223 979 2344 1039 hos
2390 979 2563 1040 inter
2611 993 2868 1042 exstent
2916 982 3110 1043 etiam
3157 984 3338 1045 numi

1853 1079 2074 1154 aurei,
2136 1079 2297 1139 mihi
2343 1080 2673 1162 ignotum3
2736 1103 2884 1142 nam
2928 1082 3163 1145 horum
3203 1086 3349 1146 nul-

1850 1177 1986 1239 lum
2033 1179 2243 1256 adhuc
2279 1178 2414 1244 vidi
2455 1181 2633 1264 ipse,
2680 1196 2789 1244 aut
2820 1183 3069 1246 alicubi
3100 1206 3345 1250 memo-

1850 1292 2063 1341 ratum
2099 1281 2252 1364 legi·-

3199 503 3339 576 103

2577 1385 2615 1423 ἓ

2410 1428 2447 1466 ³oe
2742 1428 2779 1465 a

1849 1481 1924 1544 A.
2129 1485 2303 1544 ῘΜΡ.
2340 1485 2579 1547 CAES.
2611 1488 2691 1546 D.
2714 1487 2906 1549 CLO.
2939 1487 3349 1553 SERALIL

2137 1586 2339 1651 AVG.
2392 1590 2591 1666 Caput
2618 1591 2976 1650 laureatum
3013 1595 3082 1650 in
3115 1596 3254 1652 AR.

1846 1686 1932 1749 B.
2139 1687 2313 1747 ΙΜΡ.
2352 1687 2541 1750 CAE.
2569 1689 2652 1749 D.
2687 1688 2883 1750 CLO.
2926 1690 3109 1751 SEP.
3143 1692 3345 1753 AL&

2151 1788 2355 1853 AVG.
2404 1792 2604 1866 eaput
2645 1792 3004 1852 laureatum
3044 1796 3111 1852 tin
3140 1796 3285 1854 AR.

1848 1889 1927 1951 C.
2134 1889 2310 1949 lMP.
2346 1888 2428 1950 D.
2463 1888 2725 1953 CLOD.
2769 1892 3015 1955 SEPT.
3056 1894 3346 1956 ALBIN.

2128 1987 2331 2054 AVG.
2380 1993 2582 2067 Caput
2606 1996 2844 2052 nudum
2877 1997 2946 2053 in
2980 1998 3117 2055 AR.

1847 2088 1930 2149 D.
2132 2090 2310 2150 IMP.
2372 2090 2615 2152 CAES.
2692 2092 2776 2151 D.
2840 2093 2973 2155 CL.
3045 2096 3340 2157 ALBIN.

2115 2183 2333 2259 ‘AVG.
2386 2194 2587 2268 Caput
2612 2194 2971 2255 laureatum
3007 2198 3078 2256 iu
3108 2200 3246 2258 Aa.

2577 2290 2616 2328 ὅ

2739 2336 2779 2377 ὓ

2129 2396 2213 2453 Vt
2252 2395 2348 2453 lit.
2387 2333 2462 2457 ὅ.

1846 2493 2388 2559 CLEMENTIA.
2444 2494 2643 2561 AVG.
2706 2495 2893 2559 COS.
2959 2500 3037 2561 11.
3097 2504 3343 2566 Mulier

1843 2607 2024 2656 stans
2061 2599 2121 2655 d.
2158 2607 2454 2675 pateram
2474 2639 2492 2674 ,
2550 2618 2602 2657 s.
2631 2600 2902 2660 hastam.
2946 2599 3090 2665 AR.
3135 2603 3333 2683 (Mus.

1843 2696 2062 2774 Gaea.)

1970 2795 2267 2879 Opponit
2326 2797 2603 2862 Albinus
2663 2765 3077 2864 clementiam
3153 2825 3338 2868 suam

1705 2901 1730 2906 f
1841 2897 2175 2982 asperitati
2229 2898 2500 2975 Severi,
2561 2922 2686 2986 qua
2723 2901 2778 2963 is
2832 2902 2898 2962 in
2931 2917 3152 2986 patres
3206 2907 3337 2968 sibi

351 3011 1032 3078 Animadvertendum
1058 3053 1074 3085 ,
1119 3008 1437 3071 hactenus
1464 3017 1726 3090 praeter

224 3138 513 3194 aureos,
578 3130 643 3177 et
681 3128 1029 3197 argenteos
1069 3109 1441 3195 promiscue
1483 3127 1724 3169 aeneos

229 3237 500 3302 quoque
535 3237 614 3279 ex
650 3218 824 3281 S..C.
852 3233 1202 3298 percussos
1244 3208 1721 3291 comparuisse3

228 3332 292 3379 at
347 3319 639 3381 diximus
686 3317 881 3379 etiam
929 3334 1125 3396 supra
1166 3312 1246 3374 ad
1299 3331 1534 3371 annum
1573 3306 1719 3389 946,

231 3421 473 3482 Severi
507 3420 690 3503 jussu
737 3431 1064 3487 monetam
1106 3434 1253 3477 cum
1303 3411 1527 3473 Albini
1564 3411 1722 3472 ima-³

229 3521 381 3601 gine
399 3526 658 3585 Romae
673 3520 874 3582 fuisse
906 3519 1221 3599 signatam
1253 3526 1525 3575 testante
1545 3509 1719 3571 istud

231 3616 504 3685 definite
548 3623 929 3684 Herodiano
963 3617 1052 3698 d).
1152 3620 1241 3678 At
1295 3628 1716 3698 posteaquam

231 3726 602 3807 Augustum
641 3743 711 3784 se
741 3723 1015 3783 Albinus
1055 3717 1255 3794 dixit,
1309 3717 1497 3799 isque
1533 3737 1568 3776 a
1604 3715 1750 3801 Sef

219 3834 393 3886 'vero
443 3824 655 3886 hostis
707 3822 1030 3905 judicatus
1081 3832 1211 3894 est,
1274 3817 1419 3897 jure
1467 3835 1719 3878 comma

234 3924 602 3988 Romanum
636 3926 970 4007 exspirare
1009 3920 1252 4003 coepit.
1297 3920 1518 4013 Quare
1555 3914 1720 3977 nulli

236 4024 562 4089 habentur
604 4026 827 4088 Albini
899 4024 1083 4086 numi
1134 4043 1215 4085 ex
1278 4043 1430 4085 aere
1501 4017 1723 4082 addito

237 4126 305 4187 S·
337 4130 410 4192 C.
434 4173 456 4203 ,
503 4142 571 4191 et
605 4128 797 4191 titulo
824 4126 1140 4209 Augusti,
1169 4142 1525 4206 omnesque
1549 4167 1566 4197 ‚
1612 4120 1725 4205 qui

238 4244 526 4307 exstant,
570 4229 867 4315 argentei
901 4241 1071 4304 sunt,
1115 4229 1181 4288 in
1202 4226 1423 4307 eujus,
1466 4238 1538 4286 ut
1573 4243 1726 4284 eon·

242 4346 395 4411 stat,
441 4333 696 4396 metalli
723 4343 1047 4393 monetam
1088 4325 1592 4408 imperatoribus
1618 4323 1721 4407 jus

1842 3015 2213 3085 suspectos,
2271 3019 2556 3084 eosque,
2625 3004 2737 3087 qui
2791 3004 3068 3097 Nigrum
3121 3011 3337 3072 secuti·

1843 3117 2027 3180 sunt,
2076 3101 2457 3187 gravissime
2495 3105 2977 3169 animadvertit.

2575 3208 2614 3242 *

2743 3253 2774 3283 2

2411 3246 2451 3285 ι

2131 3314 2213 3370 Vt
2253 3312 2350 3370 lit.
2384 3313 2464 3371 A.

1836 3411 2035 3473 GEN.
2070 3409 2268 3478 LVG.
2310 3410 2501 3473 COS.
2536 3410 2616 3470 Η.
2684 3410 2929 3469 Genius
2975 3415 3185 3472 nudus
3218 3434 3343 3476 ια-

1821 3517 1961 3592 pite
1977 3517 2201 3575 turrito
2222 3524 2411 3574 stam-
2433 3517 2494 3573 d.
2512 3514 2782 3580 hastam,
2819 3526 2871 3565 s.
2888 3516 3337 3589 εονηαοορίαε,

1823 3635 1944 3703 ρει)
1966 3618 2243 3694 pedibus
2271 3618 2513 3698 aquila.
2576 3610 2714 3671 AR.
2763 3608 2967 3688 (Mus.
3006 3612 3223 3689 Caes.)

1962 3716 2267 3777 Albinum
2290 3762 2306 3789 ‚
2375 3736 2523 3778 cum
2554 3732 2635 3774 ex
2659 3709 2995 3772 Britannia
3028 3715 3336 3774 transmi-

1836 3817 1953 3891 sit,
1998 3816 2373 3880 consedisse
2396 3811 2739 3898 Lugduni,
2785 3811 2851 3872 in
2878 3812 3062 3893 cujus
3089 3811 3335 3876 deinde

1837 3919 2082 3997 vicinia
2136 3919 2385 3992 victus,
2452 3914 2971 3996 interfectusque
3030 3926 3167 3988 est,
3236 3913 3331 3975 di-

1804 4035 2014 4083 .serte
2073 4018 2270 4081 tradit
2309 4016 2728 4080 Herodianus
2758 4013 2836 4093 e).
2917 4013 2988 4072 ln
3042 4011 3164 4075 hac
3210 4013 3337 4096 igi·

1837 4135 1946 4184 tur
1961 4121 2124 4183 urbe
2143 4141 2378 4182 numus
2396 4136 2707 4203 praesens
2729 4158 2745 4186 ‚
2792 4113 3107 4177 GENtum
3124 4115 3335 4183 LVG-

1836 4227 1997 4285 duni
2071 4221 2390 4285 exhibens
2485 4217 2774 4301 signatus
2845 4229 2989 4290 est,
3073 4237 3199 4298 qua
3264 4218 3338 4277 in

1837 4325 2002 4388 urbe
2034 4324 2391 4407 plerosque
2431 4321 2594 4383 alios
2633 4317 2855 4379 Albini
2882 4316 3014 4399 jam
3049 4319 3331 4399 Augusti

978 4516 3314 4553 ———....-......----———---—--—————

309 4664 368 4732 a)
405 4662 467 4717 in
497 4658 716 4746 Albjuo
756 4679 805 4717 c.
840 4674 925 4724 η.

244 4752 298 4817 e)
335 4749 394 4808 in
432 4749 668 4809 Severo.

1075 4658 1144 4732 b)
1183 4654 1477 4735 Spartian.
1520 4655 1580 4712 in
1620 4653 1749 4711 Sev.
1792 4672 1840 4711 c.
1880 4665 1964 4710 [ι.

2114 4653 2174 4722 c)
2211 4649 2271 4705 in
2311 4644 2529 4707 Albino
2569 4661 2617 4702 c.
2651 4656 2704 4706 7.
2872 4639 2942 4714 d)
2979 4639 3043 4725 in
3083 4640 3318 4699 Severo.

2667 4846 2681 4871 ··
2771 4831 2925 4892 xa‘
