4652 5937
1229 361 1376 444 sos.
1956 432 1959 434 ,
2362 349 3227 469 TREBQMANVS.

1233 563 1379 603 rum
1427 539 1685 601 valeant
1722 535 1965 604 Daciae
2021 535 2237 613 numi,
2282 551 2357 600 ut
2403 538 2471 599 in
2528 538 2724 622 hujus

2837 536 3089 597 lentum
3143 534 3538 619 permissum
3592 535 3717 598 sibi
3764 533 4237 610 arbitrantur,
4322 534 4403 595 id

1222 654 1488 703 moneta
1551 636 1810 722 prolixe
1864 637 2142 720 probavi
2178 682 2196 714 ,
2257 650 2477 700 tamen
2537 633 2725 723 prae·
2767 651 2795 674 “
2838 637 3061 715 facere
3107 657 3367 720 quoque
3410 637 3837 701 Mazzolenus
3881 636 3950 696 iu
3990 635 4398 719 desperata

1227 762 1379 803 sens
1426 759 1662 800 numus
1712 740 1861 820 plus
1915 738 2087 802 valet
2129 752 2521 823 propterea,
2567 760 2726 825 quo-

1229 843 1406 905 niam
1471 839 1614 922 ejus
1674 860 1902 901 aversa
1962 859 2370 923 nequaquam
2418 859 2501 902 ex
2548 854 2726 903 ante-

1229 940 1532 1007 cedentis
1580 939 1996 1024 imperatoris
2041 941 2311 1002 matrice
2359 940 2726 1004 Aemiliano

1230 1042 1550 1127 applicari
1597 1042 1854 1122 potuit,
1938 1061 2105 1122 quae
2156 1041 2302 1103 fere
2359 1040 2549 1103 unica
2601 1039 2728 1102 suit

1230 1146 1404 1207 ratio
1456 1156 1553 1205 tot
1601 1161 1904 1204 errorum
1953 1142 2022 1201 in
2066 1143 2310 1205 Daciae
2357 1155 2641 1205 moneta.

1355 1249 1539 1307 Haec
1576 1243 1914 1332 utriusque
1952 1243 2277 1325 opinionis
2311 1243 2725 1307 incommoda

1172 1378 1174 1381 ’
1234 1372 1384 1413 cum
1436 1346 1695 1412 videret
1744 1344 2212 1418 Mazzolenus,
2274 1366 2453 1407 suam
2500 1365 2765 1406 rursus.

1235 1448 1599 1515 doctrinam
1650 1448 1996 1530 proponit,
2043 1446 2122 1507 ab
2166 1447 2303 1520 his,
2352 1460 2421 1506 ut
2468 1445 2731 1506 sibimet

1229 1552 1358 1636 ipsi
1386 1551 1707 1633 palpatur,
1744 1547 2065 1638 molestiis
2089 1559 2295 1607 totum
2328 1544 2617 1607 immune
2650 1552 2730 1622 ⁸).

1229 1655 1399 1715 Nam
1444 1671 1569 1733 pro
1611 1660 1884 1729 recepto
1933 1667 2052 1709 suo
2096 1646 2466 1709 tribunatus
2504 1666 2733 1709 nume-

1236 1752 1429 1816 randi
1485 1748 1721 1822 modo,
1788 1767 1982 1832 quem
2038 1747 2194 1809 alibi
2241 1747 2448 1808 latius¹
2491 1768 2733 1831 propo-

1231 1873 1505 1929 nemus,
1553 1848 2007 1913 Trebonianus
2051 1850 2321 1910 ineunte
2367 1833 2728 1916 Decembri

1133 1993 1157 2015 0
1243 1965 1406 2030 ¹004
1455 1953 1667 2017 dictus
1723 1954 2053 2033 Augustus
2110 1950 2510 2012 tribunatum
2574 1974 2728 2013 mox

1230 2057 1493 2122 iteravit
1545 2056 1651 2117 die
1702 2054 1781 2114 X.
1838 2051 2133 2135 ejusdem
2186 2053 2453 2115 mensis.
2537 2056 2728 2114 Anno

1229 2172 1533 2224 vertente
1580 2155 1734 2217 trib.
1782 2166 2173 2237 potestatem
2219 2154 2331 2212 111.
2377 2166 2478 2216 est
2519 2154 2733 2237 auspi-

1236 2275 1440 2325 catus.
1506 2260 1838 2341 Sequente
1876 2275 2043 2317 anno
2089 2257 2245 2317 toob
2278 2273 2504 2317 mense
2542 2256 2730 2317 Iunio

1232 2359 1586 2424 rebellavit
1630 2357 2053 2421 Aemilianus,
2119 2355 2433 2432 Caeditur
2480 2355 2731 2420 Trebo-

1234 2463 1474 2549 nianus
1508 2459 1776 2522 circiter
1811 2473 2092 2522 exeunte
2130 2458 2531 2535 Novembri,
2578 2480 2727 2521 cum

1229 2565 1445 2650 parati
1507 2564 1638 2648 jam
1696 2576 1919 2626 essent
1977 2560 2159 2623 numi
2220 2559 2553 2621 tribunatu
2618 2562 2726 2626 IV.

1234 2665 1477 2741 notati,
1543 2678 1611 2726 et
1659 2664 1767 2728 die
1810 2667 1891 2727 X.
1943 2659 2337 2727 Decembris
2388 2660 2729 2744 erogandi.

1234 2768 1472 2829 Paullo
1546 2780 1695 2849 post
1758 2765 2020 2827 iabente
2092 2762 2305 2825 adhuc
2370 2762 2732 2823 Decembri

1182 2915 1185 2920 .
1233 2861 1534 2928 caeditur
1594 2884 1854 2947 quoque
1910 2862 2352 2938 Aemilianus,
2387 2878 2490 2928 ,et
2539 2864 2734 2929 Vale-

1127 2988 1133 2994 ·
1234 2967 1402 3030 riani
1452 2963 1826 3028 consulatui
1877 2963 1971 3025 ad'
2012 2963 2346 3045 proximas
2396 2963 2730 3027 Kalendas

1229 3073 1367 3132 Ian.
1419 3069 1638 3131 locum
1684 3065 1860 3128 facit.
1925 3064 2331 3127 Sententiam
2379 3089 2557 3128 suam
2608 3082 2733 3131 sta·

1231 3168 1430 3231 bilire
1480 3168 1710 3230 nititur
1772 3167 2056 3249 primum
2111 3168 2325 3232 numis
2377 3167 2730 3236 Viminaeii

1235 3287 1304 3333 et
1342 3271 1621 3344 Daciae,
1668 3270 1906 3332 deinde
1946 3291 2148 3332 numo
2191 3271 2540 3333 Aemiliani
2584 3271 2736 3332 Ale·

1235 3372 1556 3435 xandrino
1589 3394 1736 3436 cum
1777 3392 1945 3434 anno
1980 3375 2036 3434 B
2058 3416 2074 3446 ‚
2121 3373 2233 3455 qui
2269 3395 2473 3435 annus
2507 3376 2581 3434 11.
2613 3370 2734 3434 ini·

1230 3471 1327 3538 vit
1361 3473 1467 3534 die
1502 3475 1581 3534 X.
1623 3473 2015 3534 Decembris
2051 3496 2178 3535 una
2209 3494 2360 3536 cum
2397 3476 2731 3549 tribunatu

1206 3571 1493 3637 iterato.
1541 3569 1846 3658 Denique
1879 3574 2259 3658 pervenisse
2292 3576 2729 3637 Aemilianum

1225 3677 1317 3740 -ad
1368 3677 1520 3739 Kal.
1579 3679 1712 3737 Ian.
1771 3675 1923 3737 anni
1983 3674 2352 3758 sequentis,
2416 3688 2526 3738 aut
2579 3696 2733 3759 pro·

1225 3777 1404 3840 xime
1473 3779 1705 3840 saltem
1765 3777 1848 3839 ad
1898 3795 2007 3839 eas
2066 3774 2423 3843 accessisse
2484 3774 2729 3838 adserit

1229 3893 1510 3961 propter
1541 3892 1775 3941 'numos
1807 3877 2158 3940 Aemiliani
2196 3876 2544 3944 Viminacii
2582 3899 2731 3959 cum

1231 4004 1401 4045 anno
1431 3983 1608 4050 v111.
1648 3966 1971 4067 signa-toa,
2018 3978 2130 4068 qui
2164 3978 2524 4063 respondet
2563 3999 2730 4042 anno

1231 4085 1312 4150 V.
1359 4085 1431 4147 C.
1485 4103 1671 4162 ¹0⁰7·

1359 4183 1558 4279 Quod
1591 4183 1814 4247 facere
1852 4185 2066 4248 solent
2104 4181 2387 4260 medici,
2434 4181 2543 4265 qui
2578 4201 2729 4244 cum

1229 4285 1314 4350 de
1340 4287 1713 4370 languentis
1748 4287 2121 4351 valetudine
2157 4285 2541 4367 desperant,
2587 4282 2730 4344 nul·

1165 4428 1184 4438 --
1231 4387 1374 4450 lum
1409 4408 1543 4450 non
1581 4387 1948 4471 remedium
1986 4402 2558 4473 quantumcunque
2594 4385 2731 4448 vio·

1313 4603 1377 4672 a)
1416 4596 1728 4657 A'nimadv.
1773 4595 2021 4660 decu-ib.
2049 4607 2169 4672 pot.
2199 4615 2265 4679 p.
2304 4608 2425 4663 174.
2467 4555 2470 4559 Ι

2840 759 2955 799 sua
3003 757 3197 800 causa
3243 737 3544 801 instituit.
3608 737 3908 800 Modicus
3960 757 4089 798 cro
4148 737 4228 797 in
4297 757 4395 797 eo

2840 837 3187 902 refutando
3238 860 3389 902 cum
3443 853 3718 922 propter
3765 838 4119 901 brevitatis
4183 839 4399 900 insti·

2843 946 3089 1016 tutum,
3137 954 3273 1001 tum
3310 939 3490 1025 quod
3522 941 3886 1023 generatim
3922 940 4070 1022 ejus
4111 941 4214 1004 de
4251 942 4395 1004 ite·

2841 1056 2981 1104 rata
3000 1044 3109 1110 lv.
3132 1040 3278 1104 idus
3308 1044 3470 1107 Dec.
3505 1040 3655 1102 trib.
3687 1053 4012 1125 potestate
4044 1039 4387 1105 doctrina

2839 1144 3115 1207 laborat.

2966 1247 3017 1307 1.
3064 1248 3275 1307 Nemo
3308 1267 3441 1308 non
3473 1244 3685 1321 videt,
3724 1242 3808 1306 ad
3841 1242 4205 1310 arbitrium
4246 1243 4385 1307 fiu-

2846 1345 2951 1430 gi,
3015 1346 3193 1429 quod
3242 1346 3324 1409 de
3368 1346 3623 1419 numis,
3684 1344 3798 1430 qui
3837 1345 4009 1407 Galli
4043 1346 4381 1411 'tribuna-

2844 1460 2984 1508 tum
3020 1449 3127 1513 lv.
3164 1443 3609 1531 praeferunt,
3643 1446 3889 1510 dudum
3936 1448 4197 1530 paratis
4252 1449 4375 1511 ad-

2846 1548 3062 1611 serit.‘
3091 1542 3395 1611 Dandum
3431 1549 3606 1612 sorte
3644 1549 3859 1628 istud,
3906 1550 3962 1609 si
3996 1549 4204 1633 hujus
4248 1570 4373 1633 ge·

2845 1652 3025 1710 neris
3060 1672 3226 1711 unus
3254 1652 3506 1711 alterve
3542 1636 3791 1713 tantum
3829 1651 4188 1724 existeret,
4246 1670 4368 1713 ve·

2844 1770 2990 1811 rum
3030 1749 3208 1811 aliud
3251 1765 3477 1834 aperte
3517 1748 3747 1811 suadet
3789 1749 4024 1811 horum
4062 1751 4362 1836 insignis

2843 1871 3174 1913 numerus.
3235 1853 3315 1913 11.
3348 1856 3605 1916 Novum
3633 1847 3714 1913 ad
3747 1870 4006 1914 causam
4037 1872 4361 1934 compro·

2843 1950 3120 2014 bandam
3160 1953 3641 2016 Alexandrinae
3682 1954 3974 2036 epochae
4009 1953 4358 2015 calculum

2808 2139 2811 2143 Δ
2843 2054 3215 2132 constituit,
3255 2055 3406 2117 dum
3443 2054 3636 2137 hujus
3666 2051 3870 2115 annos
3900 2052 3981 2115 ad
4013 2058 4356 2118 rationem

2845 2155 2999 2219 trib.
3037 2157 3377 2240 potestatis
3419 2155 3625 2218 fuisse
3675 2157 3939 2221 exactos
3977 2156 4353 2240 praedicat,

2848 2257 3026 2341 quod
3093 2272 3547 2341 argumentum
3615 2257 3682 2318 in
3742 2275 4009 2321 moneta
4058 2260 4353 2326 Alexan-

2846 2360 3032 2422 drina
3093 2359 3362 2443 copiose
3424 2360 3713 2423 tractavi.
3795 2362 3884 2423 At
3941 2362 4118 2423 enim
4181 2362 4351 2425 dum

2844 2461 3175 2524 variorum
3240 2460 3477 2531 dictata
3539 2467 3806 2538 everto,
3879 2462 4056 2548 quod
4115 2461 4349 2536 facile,

2845 2577 3075 2638 erunt,
3146 2563 3257 2646 qui
3310 2565 3628 2646 aptiorem
3680 2559 3730 2626 'a
3784 2584 3890 2627 me
3945 2562 4345 2635 doctrinam,

2846 2665 3184 2749 magisque
3248 2664 3806 2728 adcommodatam
3875 2666 3958 2727 ad
4012 2666 4344 2727 rationem

2846 2779 3220 2849 temporum
3268 2775 3303 2828 a
3352 2787 3458 2829 me
3500 2767 3879 2850 requirent,
3924 2766 4099 2849 quod
4143 2766 4212 2825 in
4259 2785 4341 2827 ea

2849 2868 3169 2951 caligine,
3216 2887 3567 2929 numerum
3606 2867 3746 2950 ejus
3794 2869 4022 2931 aetatis
4065 2888 4195 2930 non
4234 2888 4336 2929 ra·

2845 2987 2924 3029 ro
2955 2970 3286 3050 perversis
3323 2970 3607 3053 legibus,
3648 2972 4131 3046 historicorum,
4169 2991 4330 3053 quos

2846 3067 3196 3132 historicos
3248 3091 3403 3133 vere
3456 3072 3734 3147 dixeris,
3780 3073 4029 3156 inopia,
4078 3091 4331 3156 eorum·

2845 3191 3008 3252 que,
3045 3170 3155 3253 qui
3181 3165 3575 3252 'supet-sunt,
3608 3171 4043 3256 pugnantibus
4077 3186 4332 3234 senten-

2848 3270 2957 3332 tiis
3007 3285 3341 3354 praestate
3374 3285 3456 3354 ³te
3509 3295 3702 3356 posse
3756 3277 3948 3359 plane
3994 3275 4326 3358 desperes.

2846 3373 2936 3440 Vt
2967 3387 3182 3434 tamen
3215 3374 3475 3456 aliquod
3511 3395 3729 3436 meum
3761 3376 4093 3456 specimen
4119 3377 4325 3448 edam,

2848 3473 2990 3555 ejus
3041 3474 3353 3557 temporis
3403 3475 3725 3539 rationem
3780 3497 3902 3558 per
3957 3477 4328 3562 probabiles

2847 3573 3262 3655 conjecturas
3307 3596 3391 3638 ex
3442 3576 3659 3639 numis
3711 3575 4054 3656 definiam,
4097 3580 4190 3640 sic
4239 3591 4328 3640 ta-

2846 3696 3039 3751 men,
3100 3691 3172 3737 ut
3227 3677 3472 3739 Daciae
3529 3700 3604 3741 ac
3661 3679 4010 3746 Viminacii
4076 3699 4320 3754 numos,

2847 3777 2993 3860 qui,
3039 3790 3112 3839 ut
3162 3778 3229 3838 in
3280 3778 3517 3840 horum
3573 3794 3834 3843 moneta
3892 3781 4319 3865 comprobavi,

2848 3878 3156 3960 spectatis
3206 3881 3499 3962 epochae
3554 3882 3738 3943 annis
3802 3903 3997 3964 saepe
4053 3883 4320 3967 turpiter

2845 3971 3118 4056 fallunt,
3166 3979 3233 4042 in
3274 3996 3409 4045 tota
3441 3983 3563 4046 hac
3602 4004 3795 4047 causa
3831 3984 3943 4048 vix
3976 3984 4320 4048 audiendos

2844 4092 3091 4164 putem.
3889 4096 3897 4103 '

2970 4181 3095 4264 Ajo
3126 4181 3350 4266 igitur,
3382 4183 3784 4248 Treboniani
3810 4186 4156 4269 imperium
4185 4206 4320 4250 sese

2842 4302 3079 4347 revera
3126 4282 3193 4344 in
3244 4306 3480 4347 annum
3523 4290 3601 4354 V.
3642 4290 3712 4351 C.
3756 4308 3912 4368 ¹0⁰7
3974 4291 4050 4351 P.
4087 4291 4167 4351 X.
4204 4290 4342 4364 254.

2840 4388 3190 4469 porrigere
3231 4386 3651 4450 suadentibus
3698 4388 3873 4452 istud
3906 4389 4047 4473 ejus
4094 4409 4169 4450 ac
4202 4390 4321 4455 Vo-
