4652 5937
1451 267 2181 385 sA'Lonvs:

231 498 558 595 inquam,
624 524 774 569 eum
833 520 969 565 non
1028 519 1068 563 a
1123 509 1311 583 patre
1368 494 1746 569 Valeriano,

242 601 382 677 sed
450 611 656 674 fratre
717 604 1025 669 Gallieno
1097 617 1386 663 summos
1460 597 1748 659 honores

245 714 684 786 adsecutum,
755 721 823 770 et
882 702 1147 792 quidem
1211 698 1511 763 Caesaris
1576 698 1751 783 circa

242 836 499 880 annum
542 816 618 874 P.
651 812 732 872 X.
763 808 919 881 abo,
967 802 1245 896 Augusti
1292 801 1469 862 circa
1512 820 1749 863 annum

239 921 332 981 P.
380 915 462 980 X.
509 911 654 987 264.
739 915 924 993 Ergo
971 919 1177 967 totum
1226 916 1513 985 tempus,
1575 900 1754 986 quod

242 1019 401 1083 sive
445 1019 719 1091 Caesar,
783 1013 923 1074 sive
975 1011 1308 1090 Augustus
1369 1001 1624 1117 exegit,
1686 1002 1754 1062 in

249 1119 552 1185 Gallieni
620 1129 898 1212 aetatem
960 1107 1152 1174 cadit.
1235 1090 1422 1168 Haec
1483 1103 1539 1166 si
1597 1122 1756 1166 vera

253 1235 452 1296 sunt,
509 1237 709 1281 nemo
752 1213 913 1288 erit,
976 1211 1086 1327 qui
1127 1230 1260 1271 non
1305 1207 1387 1270 ab
1434 1206 1575 1286 ejus
1619 1224 1757 1266 mo-

251 1336 418 1386 neta
456 1303 748 1404 ejusdem
789 1313 1052 1400 generis
1088 1326 1276 1393 typos
1317 1307 1572 1392 exigat,
1620 1306 1759 1389 qui·

252 1420 389 1485 bus
434 1423 725 1504 insignes
767 1418 959 1480 suere
1002 1413 1182 1475 numi
1215 1409 1501 1474 Gallieni
1539 1407 1760 1470 conle-

261 1544 412 1609 gae.
456 1521 805 1596 Novimus,
861 1530 1049 1581 vetus
1106 1513 1309 1575 fuisse
1366 1510 1757 1582 institutum,

255 1641 338 1690 ut
371 1628 803 1708 imperatores
843 1633 1033 1702 typos
1079 1635 1231 1677 suos
1268 1634 1416 1677 cum
1458 1609 1758 1692 conlegis

253 1726 608 1810 Augustis,
667 1736 777 1786 aut
837 1719 990 1782 filiis
1037 1715 1424 1778 Caesaribus
1468 1733 1759 1776 commu-

256 1831 598 1901 nicarent,
646 1822 853 1909 quod,
901 1821 1142 1905 quippe
1177 1816 1503 1879 tironibus
1536 1812 1761 1895 cogni-

255 1945 427 2006 tum,
461 1928 783 2010 exemplis
810 1921 1103 1988 stabilire
1136 1915 1560 2001 supersedeo,
1591 1932 1757 1997 quae

257 2034 459 2098 obvia
504 2042 654 2092 sunt
697 2041 847 2091 ante
893 2037 959 2087 et
1000 2034 1151 2106 post
1185 2016 1470 2081 Gallieni
1502 2035 1758 2081 aevum.

257 2135 585 2197 Novimus
615 2129 835 2201 etiam,
871 2126 938 2186 in
976 2123 1279 2185 universa
1309 2115 1592 2180 Gallieni
1624 2134 1761 2176 mo-

258 2246 419 2297 neta
475 2249 654 2306 esse,
711 2241 1022 2311 quantum
1081 2223 1149 2283 in
1193 2218 1439 2281 nullius
1480 2218 1759 2300 impera·

261 2334 468 2410 toris,
512 2329 786 2402 miram,
844 2344 1117 2409 eamque
1160 2344 1292 2384 non
1335 2318 1756 2400 injucundam

262 2449 574 2521 typorum
617 2431 1036 2501 varietatem,
1099 2424 1468 2503 hoiumque
1513 2419 1755 2492 multos

264 2538 482 2604 adhuc
524 2530 900 2617 incognitos
941 2543 1317 2607 novosque,
1380 2519 1756 2604 propositos

260 2640 587 2724 majorum
650 2632 943 2717 gentium
1000 2627 1161 2689 deos
1203 2622 1600 2707 plerosque,
1662 2619 1758 2680 le-

263 2739 533 2829 giones,
576 2736 854 2800 virtutes
892 2743 1018 2792 etc.
1065 2723 1389 2822 Quoniam
1434 2721 1504 2782 id
1549 2739 1756 2804 genus

259 2843 402 2927 typi
459 2859 676 2922 neque
735 2837 802 2898 in
863 2829 1079 2897 numis
1136 2822 1473 2894 Valeriani
1528 2822 1754 2905 patris,

261 2963 481 3029 neque
521 2939 816 3004 Salonini
866 2933 987 2996 filii
1036 2940 1456 3012 compat-‚ent
1501 2922 1758 2987 indubi-

263 3060 467 3110 tatum
508 3056 643 3116 est,
688 3040 841 3100 illos
876 3048 1026 3119 post
1061 3022 1400 3113 utriusque
1437 3027 1750 3087 misenum

263 3146 468 3211 fatum
525 3138 825 3206 adhiberi
881 3145 1185 3214 coeptos,
1238 3147 1489 3211 nempe
1520 3127 1599 3188 ab
1645 3148 1755 3187 an·

261 3268 351 3312 no
390 3247 473 3313 V.
521 3244 592 3305 C.
640 3239 796 3304 ⁸023
842 3240 917 3301 P.
960 3237 1047 3295 Χ.
1085 3230 1242 3303 260,
1286 3229 1355 3290 id
1401 3240 1502 3289 est
1545 3226 1625 3288 ab
1669 3244 1752 3290 eo

264 3360 600 3429 tempore,
655 3363 690 3406 a
749 3360 880 3425 quo
925 3335 1265 3400 Gallienus
1308 3329 1578 3392 fratrem
1625 3331 1757 3397 Va-

261 3447 619 3520 lerianum,
666 3454 737 3504 ut
778 3438 995 3521 ajunt,
1041 3434 1169 3520 sibi
1204 3430 1494 3495 sociavit.
1541 3432 1752 3511 Ergo,

265 3546 559 3632 inquies,
617 3538 977 3607 verisimile
1032 3548 1165 3609 est,
1224 3533 1500 3595 fratrum
1561 3546 1753 3615 typos

267 3648 413 3713 sore
457 3663 859 3710 communes.
902 3637 1207 3701 Falleris.
1268 3634 1757 3728 Quantumcun-

269 3771 393 3835 que
436 3749 660 3820 voles,
720 3757 922 3806 totam
964 3736 1301 3809 Valeriani
1345 3735 1483 3798 sive
1530 3736 1757 3797 Caesa·

267 3852 390 3927 ris,
421 3849 561 3913 sive
593 3843 871 3930 Augusti
905 3855 1231 3903 monetam
1263 3838 1574 3911 lustrato,
1610 3833 1756 3895 nul·

268 3951 402 4015 lum
446 3970 529 4012 ex
574 3947 675 4009 his
720 3943 1018 4027 reperies
1054 3941 1284 4014 etiam,
1326 3937 1453 4024 qui
1474 3957 1605 3998 non
1643 3953 1754 3996 ex-

268 4064 467 4117 stat-et
533 4050 600 4113 in
677 4058 938 4110 moneta
999 4039 1333 4140 Valeriani
1392 4012 1630 4124 patris,
1696 4034 1753 4096 si

265 4155 572 4232 principis
613 4148 979 4227 Juventutis
1037 4132 1271 4206 numos
1331 4136 1577 4202 demas.
1650 4138 1754 4199 An

273 4274 398 4315 non
440 4251 551 4315 vel
594 4252 721 4313 hoc
764 4267 895 4310 uno
941 4246 1351 4316 manifestum
1398 4239 1503 4317 fit,
1559 4239 1755 4308 Vale-2

272 4344 531 4419 rianumx
560 4370 692 4412 non
735 4346 940 4411 fuisse
984 4350 1296 4410 sociatum
1333 4340 1557 4416 fratri,
1593 4359 1753 4424 quo-

271 4454 436 4522 niam
468 4449 643 4514 istud
677 4469 809 4510 non
849 4461 1183 4512 cessarent
1215 4442 1602 4532 praedicare
1622 4463 1752 4537 ‚nu-

456 4556 643 4643 gVol.
692 4549 869 4631 Vll.)

3221 323 3365 404 4'33

1863 494 1955 557 mi
1986 495 2159 561 intra
2209 517 2411 561 annos
2458 496 2724 560 omnino
2774 509 2924 561 octo
2972 497 3242 582 signati,
3285 485 3360 564 et

1865 599 2043 683 quod
2082 599 2539 685 consequitur,
2587 600 2756 662 mala
2789 597 2955 674 fide,
3004 619 3170 684 quae
3210 622 3365 664 usu-

1866 700 2207 784 capionem
2258 722 2390 762 non
2443 701 2757 794 admittit,
2819 720 3173 785 occupasse
3216 701 3367 765 fun-

1869 801 2023 864 dum
2065 802 2289 885 nepoti
2332 801 2644 892 Salonino
2691 802 2912 886 inique
2964 799 3364 887 ademptum.

1826 902 2059 988 ,Addo
2113 904 2305 985 hujus
2353 907 2625 965 naturae
2677 918 3132 987 argumentum
3189 902 3368 965 aliud

1869 1007 2078 1067 multo
2145 1002 2639 1075 validissimum.
2728 1006 2888 1066 Cum
2962 1004 3093 1067 duo
3166 1004 3366 1066 simul

1868 1105 2058 1167 fuere
2104 1107 2420 1190 Augusti,
2465 1101 2618 1165 inde
2668 1111 2704 1165 ‘a
2751 1103 3001 1166 Severo
3046 1104 3114 1166 in
3160 1103 3368 1171 omni-

1870 1204 1990 1267 bus
2038 1207 2328 1281 aversis,
2388 1204 2710 1290 siquidem
2774 1205 2896 1268 hae
2953 1205 3214 1288 utrique
3261 1218 3408 1287 ap·'

1872 1308 2104 1402 plicari
2138 1320 2451 1390 potuere,
2492 1306 2691 1368 scribi
2733 1305 3072 1370 consuevit
3102 1303 3372 1374 AVGG.

1872 1431 1994 1490 pro
2028 1410 2230 1474 AVG.
2260 1410 2511 1476 Verum
2544 1408 2611 1484 in
2643 1410 2855 1469 numis
2889 1408 3190 1471 omnibus
3219 1406 3372 1494 Gal-

1852 1510 2067 1584 lieni,
2098 1530 2194 1596 ,ex
2246 1530 2378 1592 quo
2422 1523 2608 1592 pater
2653 1510 3041 1577 Valerianus
3095 1522 3208 1571 aut
3257 1506 3371 1570 de-

1875 1612 2117 1686 cessit,
2184 1623 2294 1673 aut
2350 1610 2603 1693 negligi
2657 1611 2912 1693 coepit,
2969 1621 3371 1672 ·constanter

1873 1713 2077 1776 valuit
2122 1711 2402 1794 simplex
2443 1712 2682 1788 Ave„
2732 1711 2887 1795 quin
2935 1724 3001 1772 et
3042 1710 3109 1772 in
3149 1709 3366 1772 numia

1877 1813 2217 1911 numinum
2274 1813 2576 1890 omnibus
2622 1811 2950 1895 luppiter,
3013 1811 3367 1885 Hercules,

1872 1895 2236 1998 Neptunus,
2263 1914 2516 2004 aliique
2552 1913 3103 1974 CONSer-vatores
3130 1908 3370 1986 AVG„

1875 2030 2060 2080 certo
2096 2012 2375 2102 indicio,
2420 2014 2672 2073 nullum
2720 2025 2853 2072 tum
2902 2011 3138 2086 alium,
3182 2030 3368 2096 prae·

1872 2131 2174 2200 terquam
2209 2090 2619 2190 Gallienum,
2668 2111 2958 2196 agnitum
3002 2109 3207 2174 fuisse
3239 2114 3372 2175 Au·

1874 2233 2157 2304 gustum.

1999 2322 2152 2383 Non
2193 2317 2411 2379 minus
2437 2328 2650 2399 ‚urget
2704 2328 3160 2397 argumentum
3203 2313 3369 2378 alte·

1871 2443 2016 2484 rum
2106 2442 2143 2482 a
2225 2416 2443 2478 numis
2528 2416 2987 2478 Alexandrinis
3063 2415 3366 2500 petitum.

1874 2524 2084 2616 Quam
2114 2503 2359 2580 'sedula
2407 2517 2533 2579 hoc
2571 2537 2732 2604 aero
2778 2518 3122 2608 Aegyptus
3158 2517 3364 2579 fuerit

1870 2624 1938 2685 in
1998 2617 2361 2683 dedicanda
2421 2617 2827 2701 principibus
2884 2618 3019 2681 suis
3080 2631 3365 2693 moneta,

1867 2736 2113 2787 norunt
2164 2737 2389 2783 musea
2445 2718 2681 2780 omnia.
2725 2720 2938 2804 Atque
2983 2719 3092 2781 hic
3145 2719 3365 2783 adfec·
3403 2733 3408 2744 ”

1869 2837 1975 2887 tus
2028 2844 2161 2886 non
2208 2818 2289 2883 ad
2336 2819 2515 2883 solos
2567 2832 2818 2883 tantum
2872 2824 3204 2904 Augustos
3257 2836 3429 2884 νει-Α

1868 2925 2029 3002 luit,
2074 2922 2558 2989 sedCaesares
2611 2921 2846 2997 etiam,
2892 2934 2959 2983 et
3010 2920 3182 3007 ipsas
3235 2922 3368 2985 Au·
3419 2929 3420 2932 ’

1868 3042 2110 3110 gustas.
2159 3024 2360 3089 obvii
2407 3045 2569 3107 ergo
2614 3037 2765 3107 sunt
2806 3022 2988 3086 nu‘nri
3026 3024 3365 3089 Valeriani

1869 3127 2149 3190 senioris
2194 3139 2260 3187 et
2305 3125 2632 3199 Gallieni,
2692 3124 2847 3206 quin
2894 3136 2961 3185 et
3010 3126 3365 3190 Saloninae

1866 3248 1990 3311 per
2036 3244 2264 3289 omnes
2307 3224 2453 3287 fere
2497 3244 2701 3285 annos
2743 3224 2920 3298 XV„
2967 3225 3202 3307 quibus
3249 3227 3370 3290 im.

1868 3325 2123 3410 peravit
2183 3324 2490 3400 maritus,
2552 3321 2991 3387 continuatam
3045 3324 3365 3389 habemus

1865 3438 2218 3491 monetam.
2277 3422 2572 3487 Salonini
2629 3423 2846 3500 numi,
2918 3418 3379 3503 utJidimus,

1863 3539 2123 3592 exstant
2178 3540 2459 3612 quatuor
2528 3524 2724 3589 variis
2797 3525 2981 3588 annis
3039 3525 3354 3612 insignes.

1865 3628 2288 3703 successoris
2317 3626 2575 3692 Claudii
2607 3627 2788 3688 numi
2821 3626 2889 3688 in
2923 3626 3046 3691 hac
3082 3629 3358 3714 regione

1869 3729 2144 3813 signati,
2190 3729 2314 3791 etsi
2363 3728 2570 3793 breve
2616 3725 2742 3792 fuit
2792 3729 2934 3811 ejus
2981 3729 3360 3813 imperium,

1867 3841 2157 3913 propten-
2198 3829 2453 3913 copiam
2507 3829 2860 3894 iilescunt.
2944 3834 3128 3894 Inter
3195 3829 3362 3895 haec

1866 3931 2011 4015 quis
2045 3929 2170 3992 sibi
2198 3950 2335 3991 non
2363 3929 2817 4014 persuadebit,
2856 3931 3182 4015 parabiles
3212 3950 3362 3994 esse

1867 4153 2050 4209 mos,
2110 4131 2224 4216 qui
2267 4146 2419 4196 octo
2462 4132 2640 4216 ipsos
2683 4152 2886 4195 annos
2929 4153 3048 4195 seu
3090 4134 3364 4213 Caesar,¹

1869 4253 1987 4296 seu
2046 4233 2381 4314 Augustus
2456 4252 2749 4296 summae
2816 4235 2917 4298 rei
2992 4233 3358 4319 praefuisse

1863 4334 2124 4400 fertur?
2171 4336 2415 4398 Contra
2447 4325 2717 4396 accidit.
2764 4335 3032 4419 Ereptis
3075 4333 3358 4421 imperio

1862 4438 2147 4525 primum
2193 4433 2542 4511 Salonino,
2585 4431 2826 4498 deinde
2860 4436 3213 4502 Valeriano
3256 4454 3358 4511 se-

2818 4536 2848 4599 1
2881 4536 2902 4598 i
2932 4535 2957 4596 i
