4652 5937
1229 435 1329 517 92*
2111 425 2201 507 L.
2303 417 2917 497 AVRELIVS
3017 418 3435 504 VERVS.

1231 601 1568 679 describit,
1591 606 1752 671 haec
1781 611 2138 694 generatim
2175 612 2270 694 ·)=
2305 604 2638 681 &mamma
2663 595 2723 663 δ’

1221 705 1384 785 ἀυτῳ
1431 702 1620 766 ἕπετο
1655 705 1820 790 ἅρμα
1865 705 2087 784 παιδες
2121 735 2191 773 τε
2245 736 2344 772 και
2404 707 2704 785 meeum,

1229 829 1327 866 και
1393 804 1491 867 ἔπι
1558 830 1672 868 των
1722 832 2027 894 παρῃορων
2083 810 2454 890 ἕκατερωθεν
2518 805 2716 882 ηἰὸεοι

1232 924 1579 990 συγγενὴς.
1673 915 1996 976 Vehuntur
2069 922 2285 978 eodem
2342 934 2529 976 curm
2592 914 2722 990 filii

1226 1011 1559 1090 filiaeque,
1606 1022 1671 1072 et
1689 1014 2031 1090 funalibus
2081 1023 2263 1099 equis
2296 1020 2591 1097 utrinque
2612 1033 2722 1092 ye-

1229 1121 1483 1172 stantur
1530 1117 1958 1177 adolescentes
1983 1121 2464 1199 con-sanquine&
2526 1113 2719 1174 Hunc

1226 1231 1476 1273 morem
1502 1213 1986 1299 innuitquoque
2005 1219 2238 1281 Cicero
2273 1217 2375 1297 ι’)3
2421 1226 2546 1290 An,
2574 1235 2716 1275 cum

1223 1318 1439 1376 sedere
1475 1319 1544 1374 in
1578 1322 1757 1398 equis
1777 1321 2295 1396 triumphantium
2318 1316 2717 1398 praetextati

1212 1419 1619 1492 potissimum
1645 1423 1776 1497 filie·
1815 1425 2065 1482 soleant
2081 1432 2197 1483 etc.
2263 1418 2614 1479 Suetonius
2632 1415 2713 1474 de

1224 1515 1493 1576 Tiberio
1529 1518 1624 1592 c):
1673 1523 1909 1582 Dehinc
1934 1524 2281 1597 pubescens
2299 1523 2568 1580 Actiaco
2603 1519 2715 1576 eri-

1220 1620 1445 1692 mnpleo
1480 1638 1731 1678 currum
1767 1624 2044 1699 Anqusti
2066 1625 2405 1682 comitatus
2434 1629 2529 1679 est
2557 1620 2713 1676 sim·-

1220 1719 1484 1778 sterae‘ore
1507 1721 1732 1796 funali
1759 1740 1917 1800 equo
1933 1764 1949 1793 ,
1998 1740 2138 1781 cum
2161 1707 2500 1781 Mar-celsus
2528 1722 2711 1778 Octa-

1217 1819 1368 1904 viae
1387 1820 1567 1896 filius
1600 1824 1958 1882 dexteriore
1992 1825 2333 1883 veheretur.
2393 1818 2710 1879 Domitia-

1219 1937 1375 1976 num
1412 1918 1612 1996 patris
1668 1920 2014 2003 fratrisque
2049 1921 2451 2003 triumphum
2500 1918 2708 1979 Iudai-

1220 2038 1365 2077 cum
1409 2019 1555 2079 albo
1578 2021 1999 2105 conspicuum
2049 2040 2218 2103 equo
2263 2019 2467 2080 fuisse
2509 2019 2708 2081 comi-

1216 2130 1417 2180 tatum
1441 2163 1458 2189 ,
1507 2120 1785 2182 diximus
1804 2121 1869 2181 in
1906 2120 2097 2201 hujus
2116 2121 2331 2183 numis
2369 2121 2448 2181 ad
2467 2139 2704 2180 annum

1214 2217 1298 2283 V.
1326 2220 1395 2280 C.
1431 2220 1576 2294 824.
1620 2222 1828 2316 Quam
1850 2221 2096 2283 bellum
2119 2235 2218 2284 est
2239 2266 2256 2296 ,
2301 2241 2466 2303 quae
2483 2219 2705 2281 docuit

1216 2320 1614 2404 antiquitus
1642 2322 1921 2404 publicis
1959 2342 2221 2408 quoque
2261 2320 2700 2383 monumentis

1213 2413 1451 2482 videre*
1484 2418 1884 2486 confirmata.

1557 2627 1631 2691 V.
1683 2629 1749 2688 c'.
1791 2634 1938 2691 922.
1986 2631 2054 2689 Ρ.
2093 2603 2184 2689 Χ.
2233 2634 2375 2691 169.

1216 2725 1338 2786 Ta.
1393 2728 1466 2790 Ρ.
1510 2729 1630 2790 ιΧ.
1703 2731 1877 2789 cos.
1922 2730 2048 2790 ιιι.
2109 2731 2316 2790 ΛΕΜ.
2383 2728 2551 2789 PAR
2561 2728 2692 2787 ΤΗ.

1668 2831 1889 2892 ΜΑΧ.
1935 2831 2114 2890 ιΜΡ.
2168 2831 2241 2890 V.

1330 3029 1481 3089 Hoc
1533 3049 1742 3105 anno,
1787 3050 1861 3093 ac
1900 3031 2113 3093 media
2144 3029 2408 3114 quidem
2454 3026 2692 3110 hyeme

1126 3118 1144 3134 ⁹
1206 3139 1476 3190 auctore
1506 3128 1757 3191 Galeno
1790 3131 2004 3197 Verus
2019 3130 2248 3193 eadem
2281 3130 2516 3194 lectica
2544 3151 2693 3194 cum

1207 3226 1413 3290 fratre
1450 3243 1784 3313 portatus,
1845 3246 1914 3293 et
1959 3233 2301 3317 apoplexia
2348 3246 2693 3317 correptus

1204 3328 1378 3412 apud
1440 3331 1736 3394 Altinum
1784 3332 2186 3398 Venetorum
2254 3333 2535 3395 moritur
2576 3332 2697 3398 im·

1119 3504 1122 3509 .
1205 3432 1379 3512 perii
1420 3453 1586 3495 anno
1624 3435 1734 3498 IX.
1790 3434 2017 3497 aetatis
2048 3436 2345 3497 XXXIX.
2402 3434 2509 3498 vel
2550 3434 2690 3493 XL.

1205 3530 1425 3592 Dubia
1460 3532 1542 3595 de
1584 3534 1725 3615 ejus
1773 3553 1926 3598 vera
1959 3547 2170 3595 aetate
2220 3554 2506 3617 expensa
2541 3532 2695 3597 vide

1205 3629 1379 3714 apud
1430 3633 1925 3695 Tillemonti‘um
1978 3634 2045 3695 in
2091 3649 2243 3695 nota
2269 3637 2414 3699 XII.
2463 3636 2531 3694 in
2564 3635 2696 3696 Au·

1202 3730 1464 3796 relium.
1538 3736 1869 3796 Mortuum
1950 3735 2398 3798 verisimiliter
2470 3730 2692 3799 medio

1207 3832 1506 3894 Ianuario
1584 3833 1777 3916 hujus
1858 3837 2046 3914 anni,
2105 3847 2249 3899 'non
2309 3838 2690 3912 Decembri,

1204 3932 1383 4015 quod
1434 3934 1768 4021 plerisque
1814 3928 2053 4014 visum,
2100 3938 2394 4020 probabo
2441 3940 2508 4002 in
2538 3937 2694 4002 doc-

1205 4034 1372 4095 trina
1402 4034 1484 4098 de
1518 4037 1672 4098 trib.
1704 4053 2026 4122 potestate
2066 4039 2248 4103 Veri.

1335 4135 1406 4198 Si
1443 4139 1879 4221 Capitolinum
1929 4140 2261 4216 audimus,
2333 4160 2547 4224 neque
2597 4140 2692 4201 in-

1207 4248 1312 4297 ter
1347 4235 1558 4298 bonos
1580 4284 1596 4313 ,
1643 4259 1856 4323 neque
1884 4242 2091 4303 malos
2121 4241 2453 4324 principes
2506 4239 2691 4324 poni·

1211 4349 1356 4413 tur,
1400 4356 1594 4419 quem
1629 4353 1879 4402 constat
1904 4361 2036 4429 non
2067 4340 2471 4403 inhorruisse
2494 4341 2687 4417 vitiis,

1321 4565 1387 4635 a)
1429 4560 1503 4621 de
1535 4562 1711 4621 rebus
1755 4567 1960 4626 Punic.
1995 4589 2043 4627 c.
2075 4570 2168 4633 66.

1219 4670 1269 4710 c.
1305 4666 1353 4710 ι.
1503 4654 1562 4725 ο)
1602 4650 1754 4713 Ibid.
1800 4676 1850 4714 e.
1876 4666 1929 4720 3.

2330 4568 2396 4642 b>
2435 4588 2546 4646 pro
2572 4570 2852 4628 Muraena
2883 4589 2931 4629 c.
2955 4580 3006 4635 5.

2833 626 2959 669 nec
3040 606 3401 671 abundasse
3462 606 3804 670 virtutibus
3857 603 3977 684 d),
4044 607 4199 690 quin
4265 623 4322 673 et

2833 728 3083 771 amasse
3106 709 3172 770 in
3194 729 3273 770 eo
3303 711 3698 772 Antoninum
3722 709 4223 792 simplicitatem
4240 709 4322 770 in·

2772 811 2776 817 ’
2835 810 3044 892 genii,
3092 825 3159 872 et
3186 811 3535 894 puritatem
3565 812 3769 874 refert
3818 812 3902 889 ε3).
3992 814 4083 873 At
4111 833 4323 894 parum

2833 914 2977 987 hic,
3035 926 3106 974 ut
3162 913 3320 974 alias
3370 912 3643 988 crebro,
3700 932 3930 975 secum
3987 914 4141 996 ipso
4192 932 4325 973 con·

2836 1012 3065 1074 cordat
3095 1013 3202 1075 hic
3250 1014 3687 1097 biographus,
3748 1033 3907 1076 cum
3950 1013 4103 1097 ejus
4144 1012 4328 1074 licen-

2832 1113 2986 1173 tiam
3036 1113 3207 1174 vitae
3248 1133 3367 1196 per
3420 1113 3793 1188 adulteria,
3824 1114 4069 1188 aleae,
4114 1127 4183 1175 et
4231 1133 4330 1175 co·

2832 1213 3276 1276 missationum
3352 1214 3962 1297 intemperantiam,
4051 1229 4328 1298 protrac-

2829 1327 2927 1374 tas
2958 1312 3020 1372 in
3051 1313 3309 1397 popinis
3355 1330 3617 1390 noctes,
3667 1331 4077 1399 provocatos
4132 1317 4215 1378 ad
4255 1317 4329 1376 ri·

2831 1403 2944 1474 xas
2980 1413 3238 1476 infimae
3280 1415 3491 1476 sordis
3528 1417 3824 1478 homines
3875 1419 4324 1501 persequitur,

2831 1516 2925 1577 sic
2954 1529 3129 1577 uteo
3160 1516 3303 1597 ipso
3338 1529 3506 1577 teste
3540 1517 3847 1578 vitiorum
3882 1519 4036 1601 Caji
4065 1563 4086 1593 ,
4132 1521 4326 1580 Nero·

2826 1617 2966 1689 nis,
3019 1616 3401 1704 ac-Vitellii
3432 1618 3726 1700 aemulus
3785 1619 4154 1692 exstiterit.
4228 1623 4326 1680 At-

2826 1736 2954 1801 que
2987 1716 3149 1779 haec
3193 1737 3277 1778 ne
3327 1717 3619 1799 gravius,
3679 1732 3747 1779 et
3793 1718 3860 1777 in
3895 1721 4082 1803 reip.
4114 1718 4331 1802 perni-¹

2826 1818 2992 1879 ciem
3033 1831 3455 1901 erumperent
3480 1863 3497 1893 ,
3545 1819 3682 1880 sola
3720 1834 3817 1902 est
3853 1819 4091 1880 fratris
4115 1832 4325 1879 aucto·

2823 1918 3013 1979 ritate
3045 1932 3360 1980 retentus.
3424 1916 3523 1979 Ad
3552 1917 3800 1979 bellum
3825 1915 4219 1982 Parthicum
4246 1917 4319 1978 ab

2818 2018 3090 2079 Aurelio
3123 2019 3356 2079 missus
3388 2019 3488 2080 rei
3522 2019 3853 2100 gerendae
3886 2041 4057 2083 cura
4093 2016 4319 2100 legatis

2818 2118 3137 2199 permissa
3181 2119 3323 2201 ipse
3374 2118 3484 2180 uni
3537 2118 3856 2202 voluptati
3881 2120 4149 2182 vacavit
4185 2131 4315 2180 acta

2819 2218 3185 2281 Laodiceae
3210 2218 3467 2297 hyeme,
3513 2218 3683 2303 apud
3705 2222 4034 2304 Daphnen
4050 2230 4313 2292 aestate,

2815 2319 3071 2402 reliqua
3121 2333 3306 2402 parte
3351 2319 3773 2393 Antiochiae,
3854 2322 4197 2405 rediitque
4251 2317 4311 2384 in

2813 2419 3045 2481 urbem
3084 2419 3289 2481 multo
3321 2439 3443 2502 per
3483 2420 3707 2499 Syriae
3729 2421 4002 2485 delicias
4042 2439 4311 2499 corrup·

2810 2520 2959 2581 tior.
3047 2519 3292 2582 Invitus
3333 2520 3415 2583 ad
3456 2519 3704 2583 bellum
3741 2520 4299 2585 marcomanicum

2809 2642 2957 2683 cum
2992 2618 3197 2682 fratre
3233 2623 3608 2705 profectus,
3655 2637 3722 2685 et
3760 2623 3944 2684 brevi
3987 2623 4299 2690 urbanam

2806 2721 3137 2783 licentiam
3183 2738 3561 2806 respectans
3595 2725 3876 2786 reditum
3918 2718 4297 2807 impetravit

2683 2829 2695 2841 '
2803 2822 3065 2907 quidem
3091 2867 3109 2897 ,
3156 2837 3221 2886 at
3248 2845 3371 2908 per
3413 2826 3541 2887 iter
3580 2826 3948 2909 inopinate,
4016 2839 4093 2887 ut
4144 2816 4307 2900 dixit

2806 2947 2952 2987 mus
2973 2972 2990 3002 ,
3056 2926 3231 2988 malo
3300 2948 3650 3011 oppressus
3695 2925 3964 2989 interiit.
4044 2928 4298 3008 Corpus

2809 3028 3180 3089 exanimum
3205 3026 3269 3087 in
3292 3026 3606 3088 Hadriani
3628 3030 3934 3109 sepulcro
3954 3030 4167 3113 patris
4192 3046 4296 3086 na·

2807 3126 3037 3189 turalis
3078 3129 3153 3188 L.
3177 3128 3348 3188 Aelii
3400 3128 3729 3191 cineribus
3758 3128 3904 3192 'fuit
3956 3128 4300 3195 sociatum.

2806 3229 2990 3290 Haec
3024 3240 3113 3287 'ex
3158 3227 3548 3310 Capitolino.

2934 3328 3120 3393 onr
3159 3331 3448 3407 Lucilla,
3494 3326 3578 3393 de
3611 3351 3736 3415 qua
3763 3328 3956 3395 infra.

3420 3553 3699 3614 Numi.-

3088 3733 3708 3802 1..VERVs.AVG.
3732 3735 3941 3799 ΑΒΜ.
3974 3736 4290 3802 PARTE.

3086 3837 3297 3897 MAx.
3333 3838 3474 3899 TR.
3527 3838 3604 3900 P.
3646 3836 3850 3903 v1111.
3927 3843 4133 3918 capue
4159 3843 4291 3902 tau·

3094 3945 3360 3998 reatum.

2808 4034 2997 4102 COS.
3045 4038 3158 4099 111.
3220 4040 3423 4099 Roma
3449 4041 3719 4119 qaleata
3745 4042 3994 4103 thoraci
4006 4046 4290 4105 insidens

2805 4142 2979 4201 lauri
3011 4160 3257 4201 ramum
3273 4142 3557 4220 porr-5951
3578 4136 3740 4203 Vero
3759 4145 4021 4221 qaleato
4040 4187 4056 4219 ,
4103 4155 4290 4222 etpa-

2804 4241 3025 4301 ludam
3058 4244 3346 4302 adstanti
3361 4285 3379 4316 ,
3423 4243 3568 4321 ipsa
3607 4251 3774 4303 retro
3811 4264 3855 4302 a
3884 4245 4172 4307 Victoria
4192 4262 4289 4304 co·

2803 4350 3087 4403 tonatur.
3134 4341 3269 4404 ΑΕ.
3289 4362 3459 4405 max.
3488 4338 3662 4404 mod.
3698 4342 4007 4424 (Mus-M.
4030 4341 4281 4421 Ducis.)

3176 4573 3235 4644 c)
3274 4571 3336 4628 in
3366 4569 3501 4629 Tib.
3540 4590 3668 4646 cap.
3703 4574 3756 4632 6.
3923 4567 3991 4640 d)
4029 4569 4095 4627 in
4126 4569 4277 4630 Vero
