4652 5937
1604 316 2139 425 cavas.

312 531 565 595 montio
613 531 697 613 θ).
795 528 881 592 A‘t
953 532 1124 594 enim
1199 549 1579 617 argumenta
1638 534 1803 598 haec

311 655 547 720 parum
584 645 734 696 sunt
775 633 1010 696 valida.
1074 636 1234 696 Nam
1275 656 1507 697 numos
1539 638 1807 702 AVGG.

310 737 426 800 vel
461 734 787 803 AVGGG.
836 733 904 795 in
952 734 1073 797 hac
1112 733 1359 797 familia
1405 758 1539 799 non
1572 736 1808 822 proba-

314 856 397 899 re
440 836 607 900 duos
649 835 757 902 vel
809 847 944 897 tres
985 836 1352 920 Augustos,
1413 837 1611 901 facile
1655 857 1810 923 pro·

320 937 552 1001 bamus
595 957 678 1001 ex
720 936 935 998 numia
978 937 1137 1021 ipsis
1185 939 1408 1001 Carini
1450 952 1517 1002 et
1568 943 1808 1002 Num'e·

318 1057 508 1101 rnatu.
1304 1071 1313 1082 *

604 1141 697 1203 M.
734 1140 934 1206 AVR.
969 1142 1372 1208 CARINVS.
1403 1145 1510 1206 vel
1530 1141 1813 1207 NVME-

599 1242 945 1310 RIANVS.
986 1244 1187 1306 NOB.
1225 1246 1298 1308 C.

319 1336 724 1406 MONETA.
842 1344 1105 1412 AVGG.
1239 1349 1345 1408 vel
1464 1343 1811 1416 VIRTVS.

321 1436 590 1507 AVGG.
632 1452 749 1507 etc.
1650 1428 1653 1435 ’

296 1546 303 1551 ’
455 1542 831 1607 Secundum
879 1545 1152 1630 Pagium
1199 1568 1272 1607 το
1302 1548 1563 1615 AVGG.
1609 1547 1814 1630 partis

323 1663 598 1707 aversae
644 1647 890 1709 indicat
937 1650 1172 1712 Carum
1218 1663 1286 1727 et
1321 1649 1662 1725 Carinum,
1705 1648 1823 1712 trel

326 1743 567 1808 Carum
595 1758 664 1809 et
690 1747 1157 1811 Numerianum
1205 1751 1556 1833 Augustos.
1640 1751 1727 1812 At
1763 1749 1820 1811 si

323 1845 543 1920 istud,
618 1867 741 1910 cur
800 1849 1072 1910 Carinus
1132 1864 1200 1913 et
1255 1851 1691 1913 Numerianus
1751 1850 1819 1911 in

326 1960 517 2029 parte
549 1951 729 2010 numi
774 1950 984 2011 antica
1007 1994 1024 2026 ,
1085 1970 1205 2013 seu
1239 1952 1566 2014 nobiliore
1588 1994 1604 2025 ,
1651 1971 1819 2041 quae
1848 2012 1859 2029 ,

333 2066 565 2109 omnes
640 2050 980 2135 utriusque
1047 2051 1270 2114 titulos
1331 2051 1818 2134 complectitur,

334 2151 638 2211 Caesares
672 2163 916 2213 tantum
948 2150 1409 2233 appellantur?
1454 2153 1527 2213 Si
1555 2171 1717 2234 ergo
1752 2151 1821 2211 in

331 2248 434 2308 his
468 2270 536 2309 το
577 2250 842 2318 AVGG.
877 2269 1057 2314 certe
1090 2273 1224 2314 non
1258 2253 1529 2335 probat,
1575 2266 1825 2314 utrum·

332 2366 462 2431 que
492 2347 696 2413 fuisse
717 2353 1099 2434 Augustum,
1134 2374 1265 2417 non
1283 2353 1591 2437 probabit
1625 2354 1818 2416 etiam

333 2449 401 2509 in
435 2448 553 2531 iis,
599 2472 763 2535 quos
797 2454 1036 2538 Pagius
1079 2453 1254 2521 citat.
1339 2454 1620 2537 Augusti
1659 2474 1822 2541 ergo

334 2548 645 2615 dicuntur
702 2552 770 2615 in
825 2554 1039 2617 numis
1060 2599 1079 2634 ,
1147 2575 1280 2618 non
1348 2554 1527 2640 quod
1587 2573 1825 2619 revera

1640 2985 2138 3048 PRETIVM.

3251 116 3288 145 D

3249 365 3395 435 1⁵12

1919 534 2085 597 tales
2127 547 2382 611 essent,
2440 533 2559 613 sed
2614 534 2790 621 quod
2846 534 2981 600 illis
3038 535 3148 601 hic
3190 536 3403 599 honos

1918 652 2044 717 per
2103 638 2504 701 consortium
2567 657 2715 700 cum
2773 633 2962 723 patre
3020 638 3407 711 habebatur,

1916 735 2108 818 'cujus
2151 739 2453 821 exempla
2487 736 2768 801 vidimus
2796 738 2862 799 in
2890 737 3235 815 Salonino,
3279 739 3410 797 Te·

1920 834 2091 899 trico
2149 836 2456 920 juniore,
2520 837 2833 921 aliisque,
2893 854 2961 902 et
3019 861 3149 925 quo
3208 837 3407 900 modo

1902 931 2163 1020 'Pagius
2195 937 2337 1020 ipse
2359 937 2555 999 variis
2577 938 2858 1002 Criticae
2896 960 3050 1001 suae
3085 940 3254 1002 locis
3283 956 3411 999 am-

1920 1037 2122 1120 bigua
2179 1038 2295 1099 illa
2342 1036 2601 1103 AVGG.
2663 1040 2774 1101 rel
2829 1042 3150 1107 AVGGG.
3212 1038 3414 1121 expli-

1923 1140 2115 1203 cavit.
2201 1141 2417 1223 Atque
2494 1140 2730 1201 eodem
2811 1140 3009 1203 modo
3088 1141 3417 1222 explican-

1926 1240 2047 1302 dae
2083 1253 2231 1302 sunt
2263 1240 3018 1325 subscriptioneslegum
3042 1285 3060 1317 ,
3095 1240 3160 1301 in
3183 1228 3442 1324 quibus

1929 1342 2170 1417 Carus,
2249 1341 2564 1418 Carinus,
2649 1342 3083 1405 Numerianus
3121 1344 3413 1419 ,Auqyffi

1928 1443 2382 1526 appellantur,
2426 1458 2500 1508 ut
2550 1443 2714 1507 adeo
2743 1444 2925 1506 nulla
2975 1442 3144 1505 ratio
3189 1440 3273 1501 sit
3308 1437 3419 1499 ad·

1932 1542 2238 1617 serendi,
2298 1542 2474 1606 filios
2528 1559 2678 1607 ante
2731 1544 2932 1628 patris
2965 1555 3245 1605 mortem
3283 1540 3419 1601 Au·

1935 1656 2168 1727 gusteo
2212 1644 2472 1708 honore
2510 1645 2714 1707 fuisse
2749 1643 3255 1716 condecoratos‚
3301 1637 3420 1701 sed

1933 1759 2241 1827 appareat
2291 1746 2483 1820 satis,
2528 1746 2811 1828 primum
2850 1767 2888 1807 a
2933 1759 3120 1829 patre
3166 1755 3422 1805 creatos

1932 1844 2137 1906 fuisse
2160 1848 2506 1921 Caesares,
2552 1867 2707 1909 mox
2736 1846 3193 1929 imperatores,
3227 1855 3422 1925 atque

1933 1945 2055 2008 ille
2119 1944 2382 2007 tandem
2443 1960 2706 2008 mortuo
2776 1946 3112 2031 Augustos
3190 1943 3422 2017 dictos,

1934 2060 2007 2108 ut
2038 2046 2221 2107 numi
2264 2060 2573 2111 statuunt.
2646 2049 3009 2110 Numorum
3039 2043 3423 2111 Latinorum

1937 2148 2159 2231 legem
2225 2160 2589 2231 sequuntur
2645 2161 2714 2211 et
2772 2148 2955 2209 numi
2998 2140 3425 2209 Alexandrini

1890 2262 1899 2269 ⁴
1936 2248 2161 2333 paucis
2211 2247 2526 2332 demptis,
2589 2248 2700 2334 qni
2743 2246 3009 2309 facilem
3043 2243 3426 2345 explicatio-

1937 2370 2090 2411 nem
2127 2349 2512 2426 admittunt,
2558 2350 2682 2411 nisi
2716 2350 2934 2433 potius
2970 2371 3007 2414 a
3046 2344 3425 2412 monetariis

1938 2466 2208 2536 peccata
2235 2451 2465 2515 haberi
2495 2450 2801 2518 debeant.

937 3177 1143 3242 Aurei
1197 3215 1214 3234 .
1303 3215 1323 3236 .
1406 3219 1426 3237 .
1516 3173 1533 3238 ,
1621 3216 2699 3246 ...........
2782 3175 2938 3239 BR.¹

912 3276 1260 3364 -Argent'ei
1303 3277 1451 3361 puri
1518 3317 2704 3341 ............
2787 3275 2993 3340 RRR.

942 3365 1154 3441 Aenei
1197 3400 1365 3442 max.
1413 3378 1588 3442 mod.
1718 3417 2700 3468 ...........
2791 3377 2934 3440 RR.

941 3481 1153 3543 Aenei
1195 3480 1243 3541 1.
1290 3480 1543 3548 formae
1619 3518 2720 3544 ...........
2805 3477 2890 3540 Ο.

945 3581 1156 3645 Aenei
1200 3582 1284 3646 11.
1328 3583 1579 3646 formae
1727 3620 2700 3647 ..........
2785 3581 2989 3644 mm.

946 3682 1158 3744 Aenei
1193 3685 1305 3748 111.
1340 3683 1593 3749 formae
1723 3722 2693 3747 ...........
2782 3679 2855 3743 C.

945 3782 1375 3849 Alexandrini
1504 3825 2702 3850 ............
2780 3783 2864 3845 R.

1422 4098 1865 4160 MAGNIA
1951 4098 2373 4161 VRBICA,

479 4289 584 4352 Ex
603 4289 761 4353 solis
786 4289 1034 4367 numis,
1078 4289 1289 4376 iisque
1308 4290 1593 4377 copiosis
1623 4295 1845 4377 cogni-

355 4404 421 4453 ta
445 4391 687 4474 „varia
742 4404 1040 4478 tempora
1100 4412 1176 4457 ac
1239 4391 1558 4459 thalamos
1625 4397 1844 4460 erudi·

430 4606 493 4678 a)
531 4603 683 4661 Nota
722 4600 793 4660 11.
834 4604 895 4662 in
932 4606 1170 4663 Carum.

1958 4309 2179 4359 torum
2222 4291 2390 4357 scito
2432 4303 2703 4376 experta
2736 4304 2856 4356 est.
2883 4375 2901 4395 ⁶
2941 4290 3256 4380 Plerique
3300 4314 3445 4359 eam

1954 4396 2029 4458 in
2057 4393 2373 4460 Maxentii
2406 4405 2688 4458 aetatem
2722 4392 3060 4460 dimovere
3080 4436 3099 4475 ,
3143 4393 3264 4459 sed
3290 4413 3449 4482 con·
