4652 5937
995 490 1084 570 L'.
1189 482 1842 564 SEPTIMIVS
1946 484 2523 565 SEVERVS.
2607 534 2610 539 ·
3171 514 3310 585 137

158 677 697 762 impensiorem
778 674 1012 741 Severi
1084 676 1154 738 in
1214 674 1554 739 Palladem
1619 670 1728 735 ad·

152 780 465 843 fectum
526 778 916 845 confirmant
968 778 1110 861 ejus
1158 777 1341 839 numi
1391 774 1726 859 inscripti:

158 881 653 950 MINERVA.
715 883 1017 944 SANCT.
1089 882 1339 942 Aversa
1397 878 1581 940 numi
1638 876 1730 937 al-

164 982 423 1042 terius
503 996 716 1046 exstat
754 984 949 1046 etiam
1002 982 1069 1044 in
1116 980 1490 1063 synchrono
1522 998 1727 1043 numo

162 1083 316 1144 Car
329 1084 609 1148 acellae
641 1087 726 1168 ⁸).

954 1183 993 1221 «Ὦ

791 1228 828 1266 ιι
1118 1225 1160 1264 ι

508 1290 594 1349 L.
698 1284 1187 1350 SEPTIMIVS.
1293 1283 1713 1350 SEVERVS.

508 1388 984 1450 PERTINAX.
1029 1385 1231 1457 AVG.
1338 1388 1539 1464 Caput
1581 1387 1721 1446 lau-

511 1501 779 1569 reatum.

172 1594 611 1660 ADVENT.
655 1590 848 1658 AVG.
894 1589 1147 1652 GALL.
1190 1588 1458 1652 PONT.
1506 1589 1718 1651 MAX.

182 1697 349 1756 TR.
403 1697 495 1755 P.
524 1692 687 1759 XV.
746 1692 937 1756 COS.
974 1693 1088 1751 111.
1144 1694 1493 1768 Imperator
1530 1710 1721 1773 eques

183 1798 268 1859 in
311 1800 646 1859 comitatu
686 1797 991 1867 militum,
1038 1795 1514 1871 conspiciuntur
1542 1795 1725 1853 urbi-5

189 1900 525 1971 moenia,
584 1899 653 1957 in
705 1899 832 1971 imo
868 1896 1108 1973 fluvius
1148 1895 1539 1954 decumbens.
1584 1893 1723 1953 AE.

190 2018 389 2059 max.
437 1994 620 2060 mod.
666 1996 954 2072 (Vaill.)2

337 2098 425 2160 Si
455 2095 703 2180 probae
746 2094 904 2157 fidei
939 2108 1037 2157 eat
1069 2094 1177 2158 hic
1204 2115 1440 2157 numus
1461 2138 1478 2171 ‚
1524 2095 1724 2158 Seve-

192 2220 322 2261 rus
360 2198 505 2261 hoc
542 2196 754 2260 adhue
799 2218 967 2258 anno
1005 2210 1280 2280 propter
1330 2194 1720 2278 inscriptum

193 2299 628 2362 tribunatum
673 2298 817 2365 XV.
849 2298 979 2358 iter
1029 2298 1096 2360 in
1140 2298 1543 2360 Britanniam
1599 2318 1723 2381 per

198 2403 507 2464 Galliam
530 2400 864 2482 ingressus
893 2412 993 2460 est
1014 2444 1051 2487 ⁹.
1078 2399 1254 2483 quod
1279 2412 1493 2461 tamen
1532 2400 1722 2462 chro-

194 2503 455 2589 nologi
501 2505 571 2579 in
646 2521 884 2562 annum
943 2516 1325 2584 sequentem
1388 2499 1722 2562 differunt.

201 2609 298 2669 At
349 2623 522 2670 vero
565 2620 699 2663 non
755 2622 960 2685 pauca
1017 2615 1167 2664 sunt
1213 2602 1280 2663 in
1323 2602 1450 2664 hoc
1516 2617 1720 2662 numo

198 2706 526 2768 molesta.
578 2702 836 2765 Absunt
879 2704 954 2765 P.
990 2702 1067 2767 P.
1105 2716 1172 2765 et
1220 2722 1460 2766 nomen
1500 2702 1719 2777 PIVS,

202 2807 398 2893 quod
449 2824 776 2888 nunquam
837 2801 981 2865 hac·
1023 2818 1274 2880 aetate,
1334 2818 1402 2866 et
1435 2826 1558 2887 pro
1594 2805 1721 2867 hoe

202 2905 1010 2995 legitur‘PERTlNAL
1073 2906 1250 2990 quod
1295 2925 1532 2967 nomen
1577 2906 1721 2990 plu·

211 3012 413 3075 ribus
447 3010 575 3092 jam
603 3007 786 3069 annis
825 3029 861 3069 a
910 3019 1173 3070 moneta
1204 3008 1457 3090 exulat.
1516 3011 1605 3070 Et
1638 3030 1719 3070 an

210 3136 360 3178 mon
436 3114 665 3173 saltem
729 3102 1487 3171 seribendum'fuisset:
1569 3111 1721 3171 AD·

224 3218 507 3282 VENT.
525 3207 828 3283 AVGG„
877 3223 943 3270 et
976 3209 1039 3269 in
1072 3225 1229 3293 typo
1262 3207 1554 3293 fingendi
1589 3211 1719 3273 duo

215 3315 511 3402 Augusti
542 3311 836 3397 equiteS,
891 3330 1035 3373 cum
1077 3310 1240 3374 duos
1289 3312 1555 3373 omnino
1590 3312 1719 3374 Au-

227 3432 467 3501 gustos
495 3408 830 3499 profectos
862 3411 1161 3474 constet?
1207 3412 1341 3473 Sed
1376 3412 1530 3473 nolo
1571 3433 1721 3500 per-

221 3537 477 3602 urgere
508 3515 700 3577 dubia
739 3515 822 3576 de
848 3513 1152 3587 cimelio,
1199 3512 1427 3596 quod‘
1408 3533 1548 3597 :pse
1586 3536 1719 3576 non

218 3619 408 3694 vidi,
472 3629 539 3678 et
584 3614 1026 3698 promulgavit
1076 3614 1510 3697 peritissimus
1545 3616 1721 3683 Vail-

223 3718 507 3794 lamina,
551 3716 678 3778 nisi
716 3714 1106 3794 fortej‘udiei
1146 3715 1339 3779 Gallo
1372 3716 1523 3779 vitia
1540 3718 1721 3779 numi

229 3819 574 3885 excusavit
606 3816 856 3923 mentio
886 3816 1139 3879 Galliae
1175 3835 1353 3880 suae.

607 4022 940 4083 7.0..961
989 4021 1323 4084 P.X.208.

234 4067 1716 4190 Τ8.ΡΧ1Ἰ.ΟΟ8..ῙΙΙΡΜ...ΡΡ

866 4225 1091 4285 PIVS.

231 4327 319 4388 M.
369 4327 526 4389 Aur.
589 4327 920 4387 Antonino
980 4327 1150 4403 Any.
1213 4325 1333 4386 111.
1416 4329 1482 4388 Ρ.
1545 4328 1720 4409 Sept.

632 4430 797 4489 Geta
844 4429 1024 4488 Caes.
1059 4428 1151 4485 ΙΙ.
1195 4444 1324 4490 cos.

309 4746 366 4822 a)
402 4749 589 4828 Beger
625 4745 803 4810 Thes.
840 4750 1063 4809 Brand.
1102 4751 1173 4814 T.
1208 4749 1281 4812 11.
1322 4771 1379 4830 p.
1421 4761 1546 4817 703.

1970 677 2044 735 In
2098 676 2501 739 Britanniam
2578 697 2725 740 cum
2786 674 2942 739 filiis
3001 692 3069 743 et
3125 702 3337 748 uxore

1840 773 2303 858 proficiscitur.
2977 798 2982 802 ·

2126 879 2550 946 SEVERVS.
2595 882 2815 949 rurs,
2860 883 3060 951 Ave.
3134 888 3339 967 capue

2126 981 2504 1042 laureatum.

1832 1082 2441 1144 LIBERALITAS.
2503 1083 2763 1150 AVGG.
2810 1087 2922 1152 Vl.
3029 1089 3328 1165 Severus,
3457 1128 3468 1140 ·

1840 1185 2177 1244 Caracalla
2194 1225 2210 1255 ‚
2262 1188 2426 1244 Geta
2458 1189 2744 1247 sedentes
2777 1189 2846 1246 in
2881 1198 3182 1266 suyyestu
3220 1194 3335 1251 ad-

1835 1295 2045 1346 stante
2073 1286 2494 1346 Liberalitate
2514 1330 2530 1361 ‚
2586 1298 2652 1347 et
2678 1290 2816 1346 alia
2837 1289 3051 1366 fiqura
3073 1331 3088 1362 ‚
3136 1293 3329 1349 tertia

1824 1405 1943 1466 per
1947 1390 2191 1466 qradus
2206 1389 2645 1450 adscendente.
2693 1385 2832 1453 AV.
2891 1389 3096 1469 (Mun.
3114 1390 3332 1470 Caes.)

2161 1491 2408 1548 Eadem
2449 1492 2744 1551 adversa.

1833 1587 2441 1650 LIBERALITAS.
2486 1592 2683 1657 AVG.
2751 1591 2910 1671 (sic)
2978 1593 3334 1661 VLLibe-

1835 1692 2067 1750 salitas
2109 1700 2310 1752 etam.
2370 1691 2507 1751 AR.
2574 1692 2998 1773 (Mus.Cae8.)
3066 1695 3206 1760 ΑΕ.
3250 1698 3334 1759 11.

1838 1789 2181 1870 (Baldinus
2218 1789 2295 1853 ad
2333 1791 2561 1870 Vaill.)

1967 1891 2386 1974 Congiarium
2437 1894 2612 1954 istud
2657 1894 2861 1956 fuisse
2915 1895 3108 1979 hujus
3162 1899 3333 1975 anni,

1802 1982 2422 2076 distributumque,
2503 2008 2847 2079 antequam
2894 1997 3332 2080 imperatores

1837 2091 1919 2152 ad
1950 2091 2197 2155 bellum
2236 2095 2684 2158 Britannicum
2720 2094 3325 2178 proficiscerentur,

1838 2193 2132 2256 evincam
2177 2194 2260 2257 ad
2296 2198 2545 2258 similes
2579 2197 2987 2274 caracallae,
3034 2220 3109 2262 ae
3145 2221 3331 2283 prae·

1838 2294 2029 2376 cipue
2062 2296 2269 2359 Getae
2301 2316 2536 2360 numos
2558 2298 2750 2381 hujus
2781 2300 2968 2376 anni,
3017 2322 3145 2384 quo
3177 2303 3327 2369 loco

1838 2409 1905 2458 et
1956 2417 2210 2459 causam
2247 2399 2581 2475 adferam,
2628 2421 2747 2463 eur
2779 2400 2853 2461 in
2894 2402 3040 2463 unis
3072 2401 3333 2486 legatur

1838 2498 2103 2564 AVGG.
2126 2543 2143 2577 ,
2189 2498 2254 2561 in
2288 2502 2433 2564 aliis
2470 2502 2672 2568 AVG.

2407 2603 2772 2685 αι’*

2179 2707 2429 2766 Eadem
2465 2708 2763 2770 adversa.

1834 2802 1911 2867 P.
1969 2804 2060 2865 M.
2127 2807 2266 2866 TR.
2331 2806 2406 2868 Ρ.
2462 2807 2639 2873 XVI.
2700 2804 2890 2868 COS.
2935 2807 3048 2867 111.
3109 2807 3184 2868 P.
3250 2811 3324 2870 P.

1833 2910 2043 2967 Arcus
2084 2912 2304 2987 pontis
2351 2911 2648 2991 utrinque
2685 2912 2852 2970 turn·
2889 2913 3172 2973 munitus
3191 2956 3206 2986 ,
3270 2922 3335 2975 et

1834 3010 1904 3068 in
1945 3020 2143 3086 ponte
2193 3020 2257 3072 et
2317 3015 2390 3072 in
2442 3013 2721 3072 turribus
2772 3021 2949 3072 stant
2993 3016 3323 3076 excubiae.

1833 3111 2021 3187 Infra
2095 3113 2165 3170 in
2220 3116 2410 3194 aquis
2459 3113 2764 3173 navicula
2812 3133 3099 3191 eaepanso
3163 3119 3324 3180 velo.

1833 3208 1974 3271 ΑΕ.
2028 3212 2105 3271 11.
2183 3213 2385 3289 (Mus.
2424 3213 2643 3292 Caes.)

1960 3312 2156 3374 Hune
2200 3333 2469 3374 numum
2529 3311 2784 3397 saepius
2838 3314 3326 3399 promulgatum

1833 3413 2131 3495 reperio,
2190 3413 2307 3474 sed
2359 3434 2504 3474 cum
2553 3402 2924 3477 varia‘trib.
2973 3431 3322 3496 potestate,

1830 3510 1959 3596 jam
1981 3515 2122 3573 XII.
2141 3512 2268 3596 jam
2287 3515 2465 3577 XIII.
2487 3514 2618 3596 jam
2632 3513 2805 3580 XIV.
2828 3514 3067 3576 vitiatis
3083 3534 3323 3600 nempe

1828 3616 2026 3678 notis.
2073 3616 2452 3688 Caesareus,
2490 3635 2705 3699 neque
2727 3615 2844 3677 hic.
2876 3637 2955 3678 eo
2988 3615 3323 3694 locoaatis
3451 3641 3468 3658 ·

1834 3715 2133 3801 integer,
2176 3738 2521 3779 numerum
2542 3720 2715 3786 XVI.
2762 3717 3007 3780 offerre
3045 3717 3324 3783 videtur.

1836 3820 2135 3882 Similem
2188 3833 2411 3901 typum
2457 3817 2587 3898 jam
2638 3819 2920 3881 vidimus
2976 3819 3045 3880 in
3108 3822 3325 3885 numis
3409 3805 3420 3815 ⁸

1837 3918 2102 4000 Traiani
2130 3919 2304 3983 inter
2340 3939 2576 3982 numos
2611 3940 2817 4004 vagos
2845 3922 3325 4016 consulatuaV.

1835 4042 1983 4105 pag.
2015 4028 2178 4102 427,
2241 4020 2308 4082 in
2343 4041 2511 4105 quo,
2555 4034 2629 4082 ut
2662 4020 2840 4096 dixi,
2887 4023 3000 4084 alii
3032 4039 3320 4107 portum,

1832 4123 1945 4186 alii
1995 4143 2217 4186 areum
2258 4123 2482 4206 pontis
2535 4122 2774 4185 vident
2858 4121 3080 4214 Quare
3127 4140 3194 4188 et
3255 4129 3324 4189 in

1835 4222 2208 4288 definiendo
2252 4222 2617 4307 praesentia
2653 4224 2836 4284 numi
2882 4236 3038 4306 typo
3079 4226 3325 4289 variant

1835 4322 2223 4387 sententiae.
2316 4323 2523 4399 Vide,
2604 4345 2769 4409 quae
2842 4324 2925 4389 ad
2990 4324 3320 4390 laudatum

1837 4424 2104 4508 Trajani
2136 4445 2405 4488 numum
2439 4424 2807 4491 observavi.

2714 4847 2919 4910 Aaa

4575 226 4595 325 *ΣΕ-ι.
