<?xml version="1.0" encoding="UTF-8"?>
<!DOCTYPE html PUBLIC "-//W3C//DTD XHTML 1.0 Transitional//EN"
    "http://www.w3.org/TR/xhtml1/DTD/xhtml1-transitional.dtd">
<html xmlns="http://www.w3.org/1999/xhtml" xml:lang="en" lang="en">
 <head>
  <title>
</title>
<meta http-equiv="Content-Type" content="text/html;charset=utf-8" />
  <meta name='ocr-system' content='tesseract 3.04.00' />
  <meta name='ocr-capabilities' content='ocr_page ocr_carea ocr_par ocr_line ocrx_word'/>
</head>
<body>
  <div class='ocr_page' id='page_1' title='image "./doctrinanumorum05hohlgoog_0051.png"; bbox 0 0 4652 5937; ppageno 0'>
   <div class='ocr_carea' id='block_1_1' title="bbox 1202 456 3410 565">
    <p class='ocr_par' dir='ltr' id='par_1_1' title="bbox 1202 456 3410 565">
     <span class='ocr_line' id='line_1_1' title="bbox 1202 456 3410 565; baseline 0.006 -33"><span class='ocrx_word' id='word_1_1' title='bbox 1202 457 1816 551; x_wconf 69' lang='lat' dir='ltr'><strong>FAvsTlNA</strong></span> <span class='ocrx_word' id='word_1_2' title='bbox 1914 458 2383 534; x_wconf 83' lang='lat' dir='ltr'><strong>SENIOR.</strong></span> <span class='ocrx_word' id='word_1_3' title='bbox 2527 558 2545 565; x_wconf 38' lang='lat'><em>‚</em></span> <span class='ocrx_word' id='word_1_4' title='bbox 3230 456 3410 559; x_wconf 61' lang='grc' dir='ltr'><em>’,ε-ι</em></span> 
     </span>
    </p>
   </div>
   <div class='ocr_carea' id='block_1_2' title="bbox 226 634 3410 930">
    <p class='ocr_par' dir='ltr' id='par_1_2' title="bbox 226 634 3410 930">
     <span class='ocr_line' id='line_1_2' title="bbox 228 634 3410 728; baseline 0.005 -32"><span class='ocrx_word' id='word_1_5' title='bbox 228 634 333 697; x_wconf 81' lang='lat' dir='ltr'><strong>ab</strong></span> <span class='ocrx_word' id='word_1_6' title='bbox 383 637 757 705; x_wconf 81' lang='lat' dir='ltr'>Antonino</span> <span class='ocrx_word' id='word_1_7' title='bbox 805 641 1089 726; x_wconf 86' lang='lat' dir='ltr'><strong>primum</strong></span> <span class='ocrx_word' id='word_1_8' title='bbox 1137 641 1490 721; x_wconf 81' lang='lat' dir='ltr'><strong>adscitum,</strong></span> <span class='ocrx_word' id='word_1_9' title='bbox 1549 656 1799 707; x_wconf 84' lang='lat' dir='ltr'><strong>tantum</strong></span> <span class='ocrx_word' id='word_1_10' title='bbox 1916 644 2130 707; x_wconf 87' lang='lat' dir='ltr'><strong>multo</strong></span> <span class='ocrx_word' id='word_1_11' title='bbox 2183 657 2411 727; x_wconf 85' lang='lat' dir='ltr'><strong>postea</strong></span> <span class='ocrx_word' id='word_1_12' title='bbox 2477 666 2669 728; x_wconf 86' lang='lat' dir='ltr'><strong>quam</strong></span> <span class='ocrx_word' id='word_1_13' title='bbox 2743 662 3004 709; x_wconf 83' lang='lat' dir='ltr'><strong>mortuo</strong></span> <span class='ocrx_word' id='word_1_14' title='bbox 3078 648 3410 714; x_wconf 80' lang='lat' dir='ltr'><strong>Hadriano</strong></span> 
     </span>
     <span class='ocr_line' id='line_1_3' title="bbox 226 738 2741 830; baseline 0.005 -33"><span class='ocrx_word' id='word_1_15' title='bbox 226 738 458 820; x_wconf 78' lang='lat' dir='ltr'><strong>apud</strong></span> <span class='ocrx_word' id='word_1_16' title='bbox 538 760 956 807; x_wconf 83' lang='lat' dir='ltr'><strong>successores</strong></span> <span class='ocrx_word' id='word_1_17' title='bbox 1017 744 1259 820; x_wconf 79' lang='lat' dir='ltr'><strong>valuit,</strong></span> <span class='ocrx_word' id='word_1_18' title='bbox 1339 759 1411 807; x_wconf 87' lang='lat' dir='ltr'><strong>ut</strong></span> <span class='ocrx_word' id='word_1_19' title='bbox 1489 745 1800 828; x_wconf 78' lang='lat' dir='ltr'><strong>deinceps</strong></span> <span class='ocrx_word' id='word_1_20' title='bbox 1915 745 2264 830; x_wconf 84' lang='lat' dir='ltr'><strong>imperium</strong></span> <span class='ocrx_word' id='word_1_21' title='bbox 2297 745 2477 809; x_wconf 84' lang='lat' dir='ltr'><strong>solus</strong></span> <span class='ocrx_word' id='word_1_22' title='bbox 2511 745 2741 809; x_wconf 86' lang='lat' dir='ltr'><strong>tenuit.</strong></span> 
     </span>
     <span class='ocr_line' id='line_1_4' title="bbox 228 842 1799 930; baseline -0.001 -23"><span class='ocrx_word' id='word_1_23' title='bbox 228 842 423 907; x_wconf 79' lang='lat' dir='ltr'><strong>fere</strong></span> <span class='ocrx_word' id='word_1_24' title='bbox 473 859 824 911; x_wconf 74' lang='lat' dir='ltr'><strong>constante</strong></span> <span class='ocrx_word' id='word_1_25' title='bbox 848 846 1000 928; x_wconf 81' lang='lat' dir='ltr'><strong>lege</strong></span> <span class='ocrx_word' id='word_1_26' title='bbox 1016 844 1186 907; x_wconf 86' lang='lat' dir='ltr'><strong>illud</strong></span> <span class='ocrx_word' id='word_1_27' title='bbox 1218 845 1343 907; x_wconf 91' lang='lat' dir='ltr'><strong>sibi</strong></span> <span class='ocrx_word' id='word_1_28' title='bbox 1361 846 1799 930; x_wconf 85' lang='lat' dir='ltr'><strong>imponerent,</strong></span> 
     </span>
    </p>
   </div>
   <div class='ocr_carea' id='block_1_3' title="bbox 228 946 3415 1237">
    <p class='ocr_par' dir='ltr' id='par_1_3' title="bbox 228 946 3415 1237">
     <span class='ocr_line' id='line_1_5' title="bbox 228 946 2923 1046; baseline 0.001 -37"><span class='ocrx_word' id='word_1_29' title='bbox 228 960 491 1032; x_wconf 74' lang='lat' dir='ltr'><strong>atque</strong></span> <span class='ocrx_word' id='word_1_30' title='bbox 532 969 684 1012; x_wconf 85' lang='lat' dir='ltr'><strong>oum</strong></span> <span class='ocrx_word' id='word_1_31' title='bbox 719 946 996 1031; x_wconf 77' lang='lat' dir='ltr'><strong>Augusti</strong></span> <span class='ocrx_word' id='word_1_32' title='bbox 1017 947 1281 1009; x_wconf 87' lang='lat' dir='ltr'><strong>nomine</strong></span> <span class='ocrx_word' id='word_1_33' title='bbox 1303 948 1483 1011; x_wconf 85' lang='lat' dir='ltr'><strong>velut</strong></span> <span class='ocrx_word' id='word_1_34' title='bbox 1517 947 1799 1009; x_wconf 79' lang='lat' dir='ltr'><strong>unirent.</strong></span> <span class='ocrx_word' id='word_1_35' title='bbox 2112 987 2116 990; x_wconf 58' lang='lat'>&lt;</span> <span class='ocrx_word' id='word_1_36' title='bbox 2403 968 2519 1029; x_wconf 79' lang='lat' dir='ltr'><strong>Jm</strong></span> <span class='ocrx_word' id='word_1_37' title='bbox 2530 986 2579 1046; x_wconf 74' lang='lat' dir='ltr'><strong>p</strong></span> <span class='ocrx_word' id='word_1_38' title='bbox 2601 985 2638 1028; x_wconf 57' lang='grc' dir='ltr'><em>Β</em></span> <span class='ocrx_word' id='word_1_39' title='bbox 2655 989 2688 1026; x_wconf 71' lang='lat'><strong>,-</strong></span> <span class='ocrx_word' id='word_1_40' title='bbox 2704 987 2746 1028; x_wconf 70' lang='lat' dir='ltr'><em>a</em></span> <span class='ocrx_word' id='word_1_41' title='bbox 2766 976 2847 1029; x_wconf 55' lang='grc' dir='ltr'><strong>ιο</strong></span> <span class='ocrx_word' id='word_1_42' title='bbox 2869 990 2923 1031; x_wconf 63' lang='lat'><strong>7„</strong></span> 
     </span>
     <span class='ocr_line' id='line_1_6' title="bbox 239 1046 2422 1144; baseline 0.002 -32"><span class='ocrx_word' id='word_1_43' title='bbox 239 1047 438 1144; x_wconf 77' lang='lat' dir='ltr'><strong>Quo</strong></span> <span class='ocrx_word' id='word_1_44' title='bbox 483 1048 827 1133; x_wconf 80' lang='lat' dir='ltr'><strong>pertinent</strong></span> <span class='ocrx_word' id='word_1_45' title='bbox 862 1048 1062 1112; x_wconf 79' lang='lat' dir='ltr'><strong>verba</strong></span> <span class='ocrx_word' id='word_1_46' title='bbox 1114 1048 1452 1111; x_wconf 85' lang='lat' dir='ltr'><strong>Iustiniani</strong></span> <span class='ocrx_word' id='word_1_47' title='bbox 1484 1046 1584 1129; x_wconf 76' lang='lat'><strong>¹¹)=</strong></span> <span class='ocrx_word' id='word_1_48' title='bbox 1634 1054 1806 1115; x_wconf 70' lang='lat' dir='ltr'><strong>sicut</strong></span> <span class='ocrx_word' id='word_1_49' title='bbox 2415 1058 2422 1063; x_wconf 83' lang='lat'>&#39;</span> 
     </span>
     <span class='ocr_line' id='line_1_7' title="bbox 231 1149 3415 1237; baseline 0.001 -23"><span class='ocrx_word' id='word_1_50' title='bbox 231 1155 459 1214; x_wconf 70' lang='lat' dir='ltr'><strong>enim</strong></span> <span class='ocrx_word' id='word_1_51' title='bbox 503 1156 876 1214; x_wconf 72' lang='lat' dir='ltr'><strong>Antoninus</strong></span> <span class='ocrx_word' id='word_1_52' title='bbox 914 1153 1121 1214; x_wconf 82' lang='lat' dir='ltr'><em>PIVS</em></span> <span class='ocrx_word' id='word_1_53' title='bbox 1170 1156 1654 1231; x_wconf 71' lang='lat' dir='ltr'><strong>coqnominatns</strong></span> <span class='ocrx_word' id='word_1_54' title='bbox 1685 1161 1799 1228; x_wconf 73' lang='lat' dir='ltr'><strong>est,</strong></span> <span class='ocrx_word' id='word_1_55' title='bbox 2046 1149 2341 1213; x_wconf 66' lang='lat' dir='ltr'><strong>&#39;situlum</strong></span> <span class='ocrx_word' id='word_1_56' title='bbox 2375 1150 2791 1234; x_wconf 82' lang='lat' dir='ltr'><strong>imperatoris</strong></span> <span class='ocrx_word' id='word_1_57' title='bbox 2811 1164 2953 1215; x_wconf 85' lang='lat' dir='ltr'><strong>toto</strong></span> <span class='ocrx_word' id='word_1_58' title='bbox 2972 1150 3233 1237; x_wconf 84' lang='lat' dir='ltr'><strong>imperii</strong></span> <span class='ocrx_word' id='word_1_59' title='bbox 3250 1166 3415 1217; x_wconf 84' lang='lat' dir='ltr'><strong>tem-</strong></span> 
     </span>
    </p>
   </div>
   <div class='ocr_carea' id='block_1_4' title="bbox 234 1251 3417 1741">
    <p class='ocr_par' dir='ltr' id='par_1_4' title="bbox 234 1251 3415 1539">
     <span class='ocr_line' id='line_1_8' title="bbox 236 1251 3414 1336; baseline 0.001 -20"><span class='ocrx_word' id='word_1_60' title='bbox 236 1270 343 1316; x_wconf 70' lang='lat' dir='ltr'><strong>ex</strong></span> <span class='ocrx_word' id='word_1_61' title='bbox 392 1274 549 1335; x_wconf 68' lang='lat' dir='ltr'><strong>quo</strong></span> <span class='ocrx_word' id='word_1_62' title='bbox 581 1257 776 1315; x_wconf 80' lang='lat' dir='ltr'><strong>etiam</strong></span> <span class='ocrx_word' id='word_1_63' title='bbox 811 1253 1160 1332; x_wconf 75' lang='lat' dir='ltr'><strong>appellatio</strong></span> <span class='ocrx_word' id='word_1_64' title='bbox 1196 1256 1354 1316; x_wconf 73' lang='lat' dir='ltr'><strong>haec</strong></span> <span class='ocrx_word' id='word_1_65' title='bbox 1389 1259 1483 1316; x_wconf 83' lang='lat' dir='ltr'><strong>ad</strong></span> <span class='ocrx_word' id='word_1_66' title='bbox 1512 1275 1631 1317; x_wconf 75' lang='lat' dir='ltr'><strong>nos</strong></span> <span class='ocrx_word' id='word_1_67' title='bbox 1658 1274 1803 1334; x_wconf 80' lang='lat' dir='ltr'><strong>per-</strong></span> <span class='ocrx_word' id='word_1_68' title='bbox 1916 1271 2081 1336; x_wconf 88' lang='lat' dir='ltr'><strong>pore</strong></span> <span class='ocrx_word' id='word_1_69' title='bbox 2132 1271 2260 1313; x_wconf 83' lang='lat' dir='ltr'><strong>una</strong></span> <span class='ocrx_word' id='word_1_70' title='bbox 2304 1263 2556 1314; x_wconf 86' lang='lat' dir='ltr'><strong>tantum</strong></span> <span class='ocrx_word' id='word_1_71' title='bbox 2595 1251 2752 1329; x_wconf 36' lang='lat' dir='ltr'><strong>,vice</strong></span> <span class='ocrx_word' id='word_1_72' title='bbox 2804 1254 3006 1319; x_wconf 86' lang='lat' dir='ltr'><strong>auxit.</strong></span> <span class='ocrx_word' id='word_1_73' title='bbox 3100 1256 3295 1317; x_wconf 81' lang='lat' dir='ltr'><strong>Certe</strong></span> <span class='ocrx_word' id='word_1_74' title='bbox 3346 1256 3414 1319; x_wconf 87' lang='lat' dir='ltr'><strong>in</strong></span> 
     </span>
     <span class='ocr_line' id='line_1_9' title="bbox 234 1348 3415 1438; baseline 0.001 -24"><span class='ocrx_word' id='word_1_75' title='bbox 234 1358 488 1417; x_wconf 70' lang='lat' dir='ltr'><strong>venit.</strong></span> <span class='ocrx_word' id='word_1_76' title='bbox 518 1356 630 1416; x_wconf 88' lang='lat' dir='ltr'><strong>.Et</strong></span> <span class='ocrx_word' id='word_1_77' title='bbox 664 1353 1077 1437; x_wconf 70' lang='lat' dir='ltr'><strong>Lampridius</strong></span> <span class='ocrx_word' id='word_1_78' title='bbox 1111 1350 1218 1432; x_wconf 60' lang='grc' dir='ltr'><strong>ὃ).</strong></span> <span class='ocrx_word' id='word_1_79' title='bbox 1262 1358 1421 1417; x_wconf 76' lang='lat' dir='ltr'><strong>Pius</strong></span> <span class='ocrx_word' id='word_1_80' title='bbox 1449 1376 1663 1419; x_wconf 79' lang='lat' dir='ltr'><strong>verum</strong></span> <span class='ocrx_word' id='word_1_81' title='bbox 1691 1377 1802 1417; x_wconf 84' lang='lat' dir='ltr'><strong>no·</strong></span> <span class='ocrx_word' id='word_1_82' title='bbox 1916 1370 2246 1415; x_wconf 88' lang='lat' dir='ltr'><strong>marmore</strong></span> <span class='ocrx_word' id='word_1_83' title='bbox 2282 1348 2676 1413; x_wconf 85' lang='lat' dir='ltr'><strong>Gruteriano</strong></span> <span class='ocrx_word' id='word_1_84' title='bbox 2722 1351 2841 1414; x_wconf 88' lang='lat' dir='ltr'><strong>sub</strong></span> <span class='ocrx_word' id='word_1_85' title='bbox 2875 1354 3017 1438; x_wconf 89' lang='lat' dir='ltr'><strong>ejus</strong></span> <span class='ocrx_word' id='word_1_86' title='bbox 3066 1374 3415 1431; x_wconf 71' lang='lat' dir='ltr'><strong>excessum</strong></span> 
     </span>
     <span class='ocr_line' id='line_1_10' title="bbox 238 1452 3412 1539; baseline -0.001 -18"><span class='ocrx_word' id='word_1_87' title='bbox 238 1476 431 1521; x_wconf 68' lang='lat' dir='ltr'><strong>men</strong></span> <span class='ocrx_word' id='word_1_88' title='bbox 471 1459 800 1521; x_wconf 75' lang='lat' dir='ltr'><strong>Antonini</strong></span> <span class='ocrx_word' id='word_1_89' title='bbox 831 1458 1084 1531; x_wconf 70' lang='lat' dir='ltr'><strong>habuit,</strong></span> <span class='ocrx_word' id='word_1_90' title='bbox 1131 1476 1475 1536; x_wconf 71' lang='lat' dir='ltr'><strong>coynomen</strong></span> <span class='ocrx_word' id='word_1_91' title='bbox 1507 1460 1653 1521; x_wconf 70' lang='grc' dir='ltr'><strong>ΡΠ.</strong></span> <span class='ocrx_word' id='word_1_92' title='bbox 1910 1455 2129 1539; x_wconf 79' lang='lat' dir='ltr'><strong>posito</strong></span> <span class='ocrx_word' id='word_1_93' title='bbox 2179 1452 2421 1515; x_wconf 87' lang='lat' dir='ltr'><strong>dieitur</strong></span> <span class='ocrx_word' id='word_1_94' title='bbox 2486 1455 2628 1518; x_wconf 83' lang='lat' dir='ltr'><strong>TR.</strong></span> <span class='ocrx_word' id='word_1_95' title='bbox 2679 1456 2752 1516; x_wconf 90' lang='lat' dir='ltr'><strong>P.</strong></span> <span class='ocrx_word' id='word_1_96' title='bbox 2808 1454 3042 1523; x_wconf 81' lang='lat' dir='ltr'><strong>xxtv.</strong></span> <span class='ocrx_word' id='word_1_97' title='bbox 3103 1459 3282 1522; x_wconf 83' lang='lat' dir='ltr'><strong>IMP.</strong></span> <span class='ocrx_word' id='word_1_98' title='bbox 3329 1459 3412 1519; x_wconf 87' lang='lat'><strong>11.</strong></span> 
     </span>
    </p>

    <p class='ocr_par' dir='ltr' id='par_1_5' title="bbox 246 1552 3417 1741">
     <span class='ocr_line' id='line_1_11' title="bbox 406 1552 3417 1649; baseline 0 -27"><span class='ocrx_word' id='word_1_99' title='bbox 406 1561 722 1641; x_wconf 81' lang='lat' dir='ltr'><strong>Tempus</strong></span> <span class='ocrx_word' id='word_1_100' title='bbox 777 1555 1066 1640; x_wconf 83' lang='lat' dir='ltr'><strong>adoptati</strong></span> <span class='ocrx_word' id='word_1_101' title='bbox 1113 1556 1307 1640; x_wconf 87' lang='lat' dir='ltr'><strong>hujus</strong></span> <span class='ocrx_word' id='word_1_102' title='bbox 1344 1557 1425 1619; x_wconf 86' lang='lat' dir='ltr'><strong>ab</strong></span> <span class='ocrx_word' id='word_1_103' title='bbox 1463 1557 1794 1621; x_wconf 84' lang='lat' dir='ltr'><strong>Antonino</strong></span> <span class='ocrx_word' id='word_1_104' title='bbox 1913 1555 2103 1620; x_wconf 88' lang='lat' dir='ltr'><strong>COS.</strong></span> <span class='ocrx_word' id='word_1_105' title='bbox 2127 1555 2269 1618; x_wconf 88' lang='lat'>1111.</span> <span class='ocrx_word' id='word_1_106' title='bbox 2318 1555 2401 1634; x_wconf 76' lang='lat' dir='ltr'><strong>c).</strong></span> <span class='ocrx_word' id='word_1_107' title='bbox 2468 1552 2617 1649; x_wconf 83' lang='lat' dir='ltr'><strong>Quo</strong></span> <span class='ocrx_word' id='word_1_108' title='bbox 2638 1576 2806 1619; x_wconf 88' lang='lat' dir='ltr'><strong>anuo</strong></span> <span class='ocrx_word' id='word_1_109' title='bbox 2844 1554 3043 1620; x_wconf 85' lang='lat' dir='ltr'><strong>decus</strong></span> <span class='ocrx_word' id='word_1_110' title='bbox 3073 1556 3200 1621; x_wconf 89' lang='lat' dir='ltr'><strong>hoo</strong></span> <span class='ocrx_word' id='word_1_111' title='bbox 3221 1558 3417 1623; x_wconf 84' lang='lat' dir='ltr'><strong>itera-</strong></span> 
     </span>
     <span class='ocr_line' id='line_1_12' title="bbox 246 1653 3412 1741; baseline -0.001 -18"><span class='ocrx_word' id='word_1_112' title='bbox 246 1660 587 1725; x_wconf 81' lang='lat' dir='ltr'><strong>nominis</strong></span> <span class='ocrx_word' id='word_1_113' title='bbox 646 1658 799 1720; x_wconf 84' lang='lat' dir='ltr'><strong>satis</strong></span> <span class='ocrx_word' id='word_1_114' title='bbox 853 1678 1046 1739; x_wconf 87' lang='lat' dir='ltr'><strong>supra</strong></span> <span class='ocrx_word' id='word_1_115' title='bbox 1098 1677 1181 1720; x_wconf 84' lang='lat' dir='ltr'><strong>ex</strong></span> <span class='ocrx_word' id='word_1_116' title='bbox 1232 1657 1446 1721; x_wconf 84' lang='lat' dir='ltr'><strong>numis</strong></span> <span class='ocrx_word' id='word_1_117' title='bbox 1510 1657 1805 1723; x_wconf 78' lang='lat' dir='ltr'><strong>definivi·</strong></span> <span class='ocrx_word' id='word_1_118' title='bbox 1917 1658 2122 1733; x_wconf 78' lang='lat' dir='ltr'><strong>verit,</strong></span> <span class='ocrx_word' id='word_1_119' title='bbox 2169 1655 2394 1740; x_wconf 85' lang='lat' dir='ltr'><strong>paucis</strong></span> <span class='ocrx_word' id='word_1_120' title='bbox 2438 1653 2765 1738; x_wconf 75' lang='lat' dir='ltr'><strong>disputavi</strong></span> <span class='ocrx_word' id='word_1_121' title='bbox 2810 1678 3005 1741; x_wconf 82' lang='lat' dir='ltr'><strong>supra</strong></span> <span class='ocrx_word' id='word_1_122' title='bbox 3041 1658 3124 1720; x_wconf 87' lang='lat' dir='ltr'><strong>ad</strong></span> <span class='ocrx_word' id='word_1_123' title='bbox 3172 1673 3412 1722; x_wconf 84' lang='lat' dir='ltr'><strong>annum</strong></span> 
     </span>
    </p>
   </div>
   <div class='ocr_carea' id='block_1_5' title="bbox 260 1756 3410 1840">
    <p class='ocr_par' dir='ltr' id='par_1_6' title="bbox 260 1756 3410 1840">
     <span class='ocr_line' id='line_1_13' title="bbox 260 1756 3410 1840; baseline -0 -16"><span class='ocrx_word' id='word_1_124' title='bbox 260 1783 489 1839; x_wconf 83' lang='lat' dir='ltr'><strong>mus,</strong></span> <span class='ocrx_word' id='word_1_125' title='bbox 554 1759 865 1822; x_wconf 87' lang='lat' dir='ltr'><strong>nimirum</strong></span> <span class='ocrx_word' id='word_1_126' title='bbox 902 1780 1141 1823; x_wconf 86' lang='lat' dir='ltr'><strong>annum</strong></span> <span class='ocrx_word' id='word_1_127' title='bbox 1201 1762 1280 1830; x_wconf 86' lang='lat' dir='ltr'><strong>V.</strong></span> <span class='ocrx_word' id='word_1_128' title='bbox 1328 1760 1400 1824; x_wconf 85' lang='lat' dir='ltr'><strong>C.</strong></span> <span class='ocrx_word' id='word_1_129' title='bbox 1448 1760 1566 1839; x_wconf 82' lang='lat' dir='ltr'><strong>8q1</strong></span> <span class='ocrx_word' id='word_1_130' title='bbox 1626 1761 1803 1824; x_wconf 87' lang='lat' dir='ltr'><strong>haud</strong></span> <span class='ocrx_word' id='word_1_131' title='bbox 1916 1762 1999 1831; x_wconf 87' lang='lat' dir='ltr'><strong>V.</strong></span> <span class='ocrx_word' id='word_1_132' title='bbox 2039 1762 2113 1827; x_wconf 82' lang='lat' dir='ltr'><strong>C.</strong></span> <span class='ocrx_word' id='word_1_133' title='bbox 2145 1757 2291 1840; x_wconf 78' lang='lat'><strong>893.</strong></span> <span class='ocrx_word' id='word_1_134' title='bbox 2311 1756 2395 1821; x_wconf 87' lang='lat' dir='ltr'><strong>ad</strong></span> <span class='ocrx_word' id='word_1_135' title='bbox 2434 1778 2704 1821; x_wconf 89' lang='lat' dir='ltr'><strong>numum</strong></span> <span class='ocrx_word' id='word_1_136' title='bbox 2745 1758 3293 1825; x_wconf 76' lang='lat' dir='ltr'><strong>IMPERATOR.</strong></span> <span class='ocrx_word' id='word_1_137' title='bbox 3328 1760 3410 1823; x_wconf 90' lang='lat'><strong>11.</strong></span> 
     </span>
    </p>
   </div>
   <div class='ocr_carea' id='block_1_6' title="bbox 708 2045 3005 3220">
    <p class='ocr_par' dir='ltr' id='par_1_7' title="bbox 708 2045 3005 3220">
     <span class='ocr_line' id='line_1_14' title="bbox 1594 2045 2244 2137; baseline -0.005 -29"><span class='ocrx_word' id='word_1_138' title='bbox 1594 2048 1651 2107; x_wconf 85' lang='lat' dir='ltr'><em>P</em></span> <span class='ocrx_word' id='word_1_139' title='bbox 1669 2049 1723 2108; x_wconf 80' lang='lat' dir='ltr'><em>R</em></span> <span class='ocrx_word' id='word_1_140' title='bbox 1745 2048 1803 2107; x_wconf 83' lang='lat' dir='ltr'><em>E</em></span> <span class='ocrx_word' id='word_1_141' title='bbox 1832 2045 1939 2106; x_wconf 86' lang='lat' dir='ltr'><strong>TI</strong></span> <span class='ocrx_word' id='word_1_142' title='bbox 1957 2046 2023 2105; x_wconf 77' lang='lat' dir='ltr'><em>V</em></span> <span class='ocrx_word' id='word_1_143' title='bbox 2031 2047 2118 2106; x_wconf 84' lang='lat' dir='ltr'><strong>M.</strong></span> <span class='ocrx_word' id='word_1_144' title='bbox 2152 2098 2159 2105; x_wconf 82' lang='lat'><em>,</em></span> <span class='ocrx_word' id='word_1_145' title='bbox 2233 2120 2244 2137; x_wconf 63' lang='lat'>„</span> 
     </span>
     <span class='ocr_line' id='line_1_15' title="bbox 708 2244 1473 2315; baseline -0.001 -10"><span class='ocrx_word' id='word_1_146' title='bbox 708 2244 1050 2305; x_wconf 72' lang='lat' dir='ltr'><strong>Commatt‘s</strong></span> <span class='ocrx_word' id='word_1_147' title='bbox 1094 2246 1371 2305; x_wconf 78' lang='lat' dir='ltr'><strong>Romam·</strong></span> <span class='ocrx_word' id='word_1_148' title='bbox 1384 2265 1408 2304; x_wconf 84' lang='lat'><strong>.-</strong></span> <span class='ocrx_word' id='word_1_149' title='bbox 1460 2302 1473 2315; x_wconf 76' lang='grc'>,</span> 
     </span>
     <span class='ocr_line' id='line_1_16' title="bbox 905 2339 2945 2428; baseline -0 -24"><span class='ocrx_word' id='word_1_150' title='bbox 905 2341 1108 2404; x_wconf 84' lang='lat' dir='ltr'><strong>Aurei</strong></span> <span class='ocrx_word' id='word_1_151' title='bbox 1154 2356 1220 2404; x_wconf 92' lang='lat' dir='ltr'><strong>et</strong></span> <span class='ocrx_word' id='word_1_152' title='bbox 1264 2341 1560 2428; x_wconf 82' lang='lat' dir='ltr'><strong>argentei</strong></span> <span class='ocrx_word' id='word_1_153' title='bbox 1589 2383 2353 2407; x_wconf 86' lang='grc'><strong>........</strong></span> <span class='ocrx_word' id='word_1_154' title='bbox 2396 2404 2400 2407; x_wconf 69' lang='grc'>,</span> <span class='ocrx_word' id='word_1_155' title='bbox 2438 2382 2458 2401; x_wconf 94' lang='grc'><strong>.</strong></span> <span class='ocrx_word' id='word_1_156' title='bbox 2549 2383 2565 2401; x_wconf 91' lang='grc'><strong>.</strong></span> <span class='ocrx_word' id='word_1_157' title='bbox 2656 2386 2676 2404; x_wconf 90' lang='grc'><strong>.</strong></span> <span class='ocrx_word' id='word_1_158' title='bbox 2764 2383 2781 2399; x_wconf 96' lang='grc'><strong>.</strong></span> <span class='ocrx_word' id='word_1_159' title='bbox 2872 2339 2945 2403; x_wconf 83' lang='lat' dir='ltr'><strong>C.</strong></span> 
     </span>
     <span class='ocr_line' id='line_1_17' title="bbox 907 2428 3005 2527; baseline 0 -22"><span class='ocrx_word' id='word_1_160' title='bbox 907 2444 1117 2506; x_wconf 84' lang='lat' dir='ltr'><strong>Aenei</strong></span> <span class='ocrx_word' id='word_1_161' title='bbox 1164 2467 1329 2510; x_wconf 83' lang='lat' dir='ltr'><strong>max.</strong></span> <span class='ocrx_word' id='word_1_162' title='bbox 1375 2444 1529 2507; x_wconf 85' lang='lat' dir='ltr'><strong>mod</strong></span> <span class='ocrx_word' id='word_1_163' title='bbox 1535 2483 2456 2508; x_wconf 79' lang='grc'><strong>..........</strong></span> <span class='ocrx_word' id='word_1_164' title='bbox 2497 2518 2508 2527; x_wconf 30' lang='grc' dir='ltr'><strong>ο</strong></span> <span class='ocrx_word' id='word_1_165' title='bbox 2543 2483 2562 2504; x_wconf 90' lang='grc'><strong>.</strong></span> <span class='ocrx_word' id='word_1_166' title='bbox 2605 2428 2612 2431; x_wconf 43' lang='grc'><strong>’</strong></span> <span class='ocrx_word' id='word_1_167' title='bbox 2649 2485 2666 2503; x_wconf 95' lang='grc'><strong>.</strong></span> <span class='ocrx_word' id='word_1_168' title='bbox 2753 2485 2772 2504; x_wconf 89' lang='grc'><strong>.</strong></span> <span class='ocrx_word' id='word_1_169' title='bbox 2856 2444 3005 2521; x_wconf 67' lang='grc' dir='ltr'><strong>ΒΗ.</strong></span> 
     </span>
     <span class='ocr_line' id='line_1_18' title="bbox 911 2543 2946 2626; baseline 0 -20"><span class='ocrx_word' id='word_1_170' title='bbox 911 2546 1121 2607; x_wconf 87' lang='lat' dir='ltr'><strong>Aenei</strong></span> <span class='ocrx_word' id='word_1_171' title='bbox 1154 2548 1200 2607; x_wconf 88' lang='lat'><strong>1.</strong></span> <span class='ocrx_word' id='word_1_172' title='bbox 1236 2559 1303 2608; x_wconf 91' lang='lat' dir='ltr'><strong>et</strong></span> <span class='ocrx_word' id='word_1_173' title='bbox 1337 2547 1415 2607; x_wconf 86' lang='grc' dir='ltr'><strong>Π.</strong></span> <span class='ocrx_word' id='word_1_174' title='bbox 1450 2547 1705 2626; x_wconf 71' lang='lat' dir='ltr'><strong>forulae</strong></span> <span class='ocrx_word' id='word_1_175' title='bbox 1794 2585 2781 2608; x_wconf 88' lang='grc'><strong>..........</strong></span> <span class='ocrx_word' id='word_1_176' title='bbox 2871 2543 2946 2607; x_wconf 87' lang='lat' dir='ltr'><strong>C.</strong></span> 
     </span>
     <span class='ocr_line' id='line_1_19' title="bbox 790 2642 2941 2719; baseline -0 -13"><span class='ocrx_word' id='word_1_177' title='bbox 790 2718 793 2719; x_wconf 9' lang='grc' dir='ltr'><em>γ</em></span> <span class='ocrx_word' id='word_1_178' title='bbox 905 2648 1114 2707; x_wconf 87' lang='lat' dir='ltr'><strong>Aenei</strong></span> <span class='ocrx_word' id='word_1_179' title='bbox 1168 2650 1280 2711; x_wconf 87' lang='lat'>111.</span> <span class='ocrx_word' id='word_1_180' title='bbox 1325 2646 1579 2711; x_wconf 86' lang='lat' dir='ltr'><strong>formae</strong></span> <span class='ocrx_word' id='word_1_181' title='bbox 1656 2642 1661 2645; x_wconf 63' lang='grc'><strong>’</strong></span> <span class='ocrx_word' id='word_1_182' title='bbox 1681 2686 2774 2711; x_wconf 80' lang='grc'><strong>...........</strong></span> <span class='ocrx_word' id='word_1_183' title='bbox 2859 2646 2941 2706; x_wconf 81' lang='grc' dir='ltr'><strong>Β.</strong></span> 
     </span>
     <span class='ocr_line' id='line_1_20' title="bbox 718 2750 2319 2828; baseline 0.001 -18"><span class='ocrx_word' id='word_1_184' title='bbox 718 2750 1058 2810; x_wconf 71' lang='lat' dir='ltr'><strong>Commatis</strong></span> <span class='ocrx_word' id='word_1_185' title='bbox 1090 2752 1420 2828; x_wconf 73' lang='lat' dir='ltr'><strong>pereyrim‘</strong></span> <span class='ocrx_word' id='word_1_186' title='bbox 1432 2772 1457 2810; x_wconf 87' lang='lat'><strong>.·</strong></span> <span class='ocrx_word' id='word_1_187' title='bbox 2312 2760 2319 2769; x_wconf 88' lang='grc'><em>“</em></span> 
     </span>
     <span class='ocr_line' id='line_1_21' title="bbox 906 2846 2998 2932; baseline -0.001 -21"><span class='ocrx_word' id='word_1_188' title='bbox 906 2849 1227 2932; x_wconf 82' lang='lat' dir='ltr'><strong>Argentei</strong></span> <span class='ocrx_word' id='word_1_189' title='bbox 1272 2846 1529 2911; x_wconf 89' lang='lat' dir='ltr'><strong>urbium</strong></span> <span class='ocrx_word' id='word_1_190' title='bbox 1561 2850 1961 2914; x_wconf 69' lang='lat' dir='ltr'><strong>Graecarum</strong></span> <span class='ocrx_word' id='word_1_191' title='bbox 1993 2887 2765 2924; x_wconf 80' lang='grc'><strong>........</strong></span> <span class='ocrx_word' id='word_1_192' title='bbox 2851 2848 2998 2911; x_wconf 78' lang='lat' dir='ltr'><strong>RR.</strong></span> 
     </span>
     <span class='ocr_line' id='line_1_22' title="bbox 907 2948 2946 3016; baseline 0 -3"><span class='ocrx_word' id='word_1_193' title='bbox 907 2950 1117 3014; x_wconf 85' lang='lat' dir='ltr'><strong>Aenei</strong></span> <span class='ocrx_word' id='word_1_194' title='bbox 1161 2948 1380 3016; x_wconf 81' lang='lat' dir='ltr'><strong>variae</strong></span> <span class='ocrx_word' id='word_1_195' title='bbox 1417 2949 1704 3016; x_wconf 85' lang='lat' dir='ltr'><strong>formae.</strong></span> <span class='ocrx_word' id='word_1_196' title='bbox 1792 2996 1809 3014; x_wconf 88' lang='lat'><em>.</em></span> <span class='ocrx_word' id='word_1_197' title='bbox 2005 2993 2779 3016; x_wconf 88' lang='grc'><strong>........</strong></span> <span class='ocrx_word' id='word_1_198' title='bbox 2863 2950 2946 3014; x_wconf 85' lang='lat' dir='ltr'><strong>R.</strong></span> 
     </span>
     <span class='ocr_line' id='line_1_23' title="bbox 814 3053 2945 3140; baseline -0.001 -24"><span class='ocrx_word' id='word_1_199' title='bbox 814 3130 824 3140; x_wconf 32' lang='lat'><strong>‘</strong></span> <span class='ocrx_word' id='word_1_200' title='bbox 860 3079 865 3084; x_wconf 90' lang='lat'><em>·</em></span> <span class='ocrx_word' id='word_1_201' title='bbox 908 3053 1327 3116; x_wconf 78' lang='lat' dir='ltr'><strong>Coloniarum</strong></span> <span class='ocrx_word' id='word_1_202' title='bbox 1361 3094 2777 3125; x_wconf 82' lang='grc'><strong>..............</strong></span> <span class='ocrx_word' id='word_1_203' title='bbox 2865 3053 2945 3114; x_wconf 85' lang='lat' dir='ltr'><strong>R.</strong></span> 
     </span>
     <span class='ocr_line' id='line_1_24' title="bbox 906 3137 2943 3220; baseline -0 -5"><span class='ocrx_word' id='word_1_204' title='bbox 906 3154 1332 3220; x_wconf 76' lang='lat' dir='ltr'><strong>Alexandrini</strong></span> <span class='ocrx_word' id='word_1_205' title='bbox 1364 3196 1808 3218; x_wconf 88' lang='grc'><strong>.....</strong></span> <span class='ocrx_word' id='word_1_206' title='bbox 1816 3137 1823 3144; x_wconf 45' lang='grc'><strong><em>’</em></strong></span> <span class='ocrx_word' id='word_1_207' title='bbox 1898 3197 2776 3220; x_wconf 88' lang='grc'><strong>.........</strong></span> <span class='ocrx_word' id='word_1_208' title='bbox 2840 3159 2843 3162; x_wconf 74' lang='grc'><strong>’</strong></span> <span class='ocrx_word' id='word_1_209' title='bbox 2867 3154 2943 3215; x_wconf 89' lang='lat' dir='ltr'><strong>C.</strong></span> 
     </span>
    </p>
   </div>
   <div class='ocr_carea' id='block_1_7' title="bbox 1309 3399 2415 3501">
    <p class='ocr_par' dir='ltr' id='par_1_8' title="bbox 1309 3399 2415 3501">
     <span class='ocr_line' id='line_1_25' title="bbox 1309 3399 2415 3501; baseline -0.004 -1"><span class='ocrx_word' id='word_1_210' title='bbox 1309 3441 1448 3500; x_wconf 67' lang='grc' dir='ltr'><strong>ΡΑ</strong></span> <span class='ocrx_word' id='word_1_211' title='bbox 1469 3440 1599 3501; x_wconf 76' lang='lat' dir='ltr'><strong>VS</strong></span> <span class='ocrx_word' id='word_1_212' title='bbox 1621 3438 1896 3500; x_wconf 75' lang='grc' dir='ltr'><em>ΤΙΝΑ</em></span> <span class='ocrx_word' id='word_1_213' title='bbox 1975 3399 2320 3500; x_wconf 59' lang='lat' dir='ltr'><strong>Semo</strong></span> <span class='ocrx_word' id='word_1_214' title='bbox 2343 3441 2415 3500; x_wconf 71' lang='lat' dir='ltr'><strong>a.</strong></span> 
     </span>
    </p>
   </div>
   <div class='ocr_carea' id='block_1_8' title="bbox 279 3617 3406 4431">
    <p class='ocr_par' dir='ltr' id='par_1_9' title="bbox 279 3617 3406 4431">
     <span class='ocr_line' id='line_1_26' title="bbox 422 3617 3405 3718; baseline -0.003 -15"><span class='ocrx_word' id='word_1_215' title='bbox 422 3637 642 3703; x_wconf 82' lang='lat' dir='ltr'><strong>Annia</strong></span> <span class='ocrx_word' id='word_1_216' title='bbox 671 3636 936 3701; x_wconf 80' lang='lat' dir='ltr'><strong>Galeria</strong></span> <span class='ocrx_word' id='word_1_217' title='bbox 973 3636 1317 3710; x_wconf 82' lang='lat' dir='ltr'><strong>Faustina,</strong></span> <span class='ocrx_word' id='word_1_218' title='bbox 1363 3649 1436 3699; x_wconf 90' lang='lat' dir='ltr'><strong>ut</strong></span> <span class='ocrx_word' id='word_1_219' title='bbox 1486 3654 1631 3697; x_wconf 88' lang='lat' dir='ltr'><strong>eam</strong></span> <span class='ocrx_word' id='word_1_220' title='bbox 1682 3654 1799 3696; x_wconf 75' lang='lat' dir='ltr'><strong>vo·</strong></span> <span class='ocrx_word' id='word_1_221' title='bbox 1892 3617 2090 3718; x_wconf 49' lang='lat' dir='ltr'><strong>⁸quod</strong></span> <span class='ocrx_word' id='word_1_222' title='bbox 2140 3634 2515 3697; x_wconf 76' lang='lat' dir='ltr'><strong>Faustinam</strong></span> <span class='ocrx_word' id='word_1_223' title='bbox 2561 3634 2689 3717; x_wconf 83' lang='lat' dir='ltr'><strong>jam</strong></span> <span class='ocrx_word' id='word_1_224' title='bbox 2753 3634 2972 3692; x_wconf 67' lang='lat' dir='ltr'><strong>divam</strong></span> <span class='ocrx_word' id='word_1_225' title='bbox 3018 3632 3405 3714; x_wconf 84' lang='lat' dir='ltr'><strong>pronunciat</strong></span> 
     </span>
     <span class='ocr_line' id='line_1_27' title="bbox 287 3733 3406 3825; baseline -0.004 -18"><span class='ocrx_word' id='word_1_226' title='bbox 287 3755 403 3807; x_wconf 87' lang='lat' dir='ltr'><strong>eat</strong></span> <span class='ocrx_word' id='word_1_227' title='bbox 441 3740 850 3825; x_wconf 88' lang='lat' dir='ltr'><strong>Capitolinus</strong></span> <span class='ocrx_word' id='word_1_228' title='bbox 895 3736 996 3819; x_wconf 75' lang='lat' dir='ltr'><strong>d),</strong></span> <span class='ocrx_word' id='word_1_229' title='bbox 1042 3737 1369 3801; x_wconf 84' lang='lat' dir='ltr'><strong>Antonino</strong></span> <span class='ocrx_word' id='word_1_230' title='bbox 1422 3737 1632 3800; x_wconf 84' lang='lat' dir='ltr'><strong>adhue</strong></span> <span class='ocrx_word' id='word_1_231' title='bbox 1664 3736 1797 3820; x_wconf 84' lang='lat' dir='ltr'><strong>pri·</strong></span> <span class='ocrx_word' id='word_1_232' title='bbox 1908 3735 1982 3797; x_wconf 89' lang='lat' dir='ltr'><strong>in</strong></span> <span class='ocrx_word' id='word_1_233' title='bbox 2010 3736 2319 3797; x_wconf 88' lang='lat' dir='ltr'><strong>Antonini</strong></span> <span class='ocrx_word' id='word_1_234' title='bbox 2373 3736 2706 3798; x_wconf 85' lang='lat' dir='ltr'><strong>tribunatu</strong></span> <span class='ocrx_word' id='word_1_235' title='bbox 2750 3733 2903 3807; x_wconf 86' lang='lat' dir='ltr'>1V.‚</span> <span class='ocrx_word' id='word_1_236' title='bbox 2951 3753 3143 3815; x_wconf 86' lang='lat' dir='ltr'><strong>quem</strong></span> <span class='ocrx_word' id='word_1_237' title='bbox 3192 3733 3248 3794; x_wconf 89' lang='lat' dir='ltr'><strong>is</strong></span> <span class='ocrx_word' id='word_1_238' title='bbox 3297 3754 3406 3796; x_wconf 90' lang='lat' dir='ltr'><strong>eo-</strong></span> 
     </span>
     <span class='ocr_line' id='line_1_28' title="bbox 283 3833 3405 3925; baseline -0.004 -19"><span class='ocrx_word' id='word_1_239' title='bbox 283 3857 451 3906; x_wconf 74' lang='lat' dir='ltr'><strong>vato</strong></span> <span class='ocrx_word' id='word_1_240' title='bbox 503 3841 851 3925; x_wconf 86' lang='lat' dir='ltr'><strong>conjuncta</strong></span> <span class='ocrx_word' id='word_1_241' title='bbox 915 3860 1069 3903; x_wconf 87' lang='lat' dir='ltr'><strong>mox</strong></span> <span class='ocrx_word' id='word_1_242' title='bbox 1138 3853 1291 3924; x_wconf 87' lang='lat' dir='ltr'><strong>post</strong></span> <span class='ocrx_word' id='word_1_243' title='bbox 1328 3839 1638 3901; x_wconf 84' lang='lat' dir='ltr'><strong>Hadriani</strong></span> <span class='ocrx_word' id='word_1_244' title='bbox 1687 3858 1797 3899; x_wconf 87' lang='lat' dir='ltr'><strong>ex·</strong></span> <span class='ocrx_word' id='word_1_245' title='bbox 1914 3835 2061 3897; x_wconf 81' lang='lat' dir='ltr'><strong>dem</strong></span> <span class='ocrx_word' id='word_1_246' title='bbox 2108 3856 2276 3899; x_wconf 82' lang='lat' dir='ltr'><strong>anno</strong></span> <span class='ocrx_word' id='word_1_247' title='bbox 2321 3837 2688 3920; x_wconf 81' lang='lat' dir='ltr'><strong>auspicatus</strong></span> <span class='ocrx_word' id='word_1_248' title='bbox 2729 3847 2848 3898; x_wconf 90' lang='lat' dir='ltr'><strong>est.</strong></span> <span class='ocrx_word' id='word_1_249' title='bbox 2896 3834 2969 3894; x_wconf 91' lang='lat' dir='ltr'><strong>ln</strong></span> <span class='ocrx_word' id='word_1_250' title='bbox 3006 3834 3220 3895; x_wconf 88' lang='lat' dir='ltr'><strong>numis</strong></span> <span class='ocrx_word' id='word_1_251' title='bbox 3261 3833 3405 3916; x_wconf 91' lang='lat' dir='ltr'><strong>ejus</strong></span> 
     </span>
     <span class='ocr_line' id='line_1_29' title="bbox 287 3936 3404 4024; baseline -0.004 -15"><span class='ocrx_word' id='word_1_252' title='bbox 287 3964 564 4009; x_wconf 80' lang='lat' dir='ltr'><strong>cessum</strong></span> <span class='ocrx_word' id='word_1_253' title='bbox 623 3944 886 4007; x_wconf 87' lang='lat' dir='ltr'><strong>titulum</strong></span> <span class='ocrx_word' id='word_1_254' title='bbox 958 3946 1331 4024; x_wconf 63' lang='lat' dir='ltr'><strong>damoetae,</strong></span> <span class='ocrx_word' id='word_1_255' title='bbox 1405 3955 1478 4003; x_wconf 91' lang='lat' dir='ltr'><strong>ut</strong></span> <span class='ocrx_word' id='word_1_256' title='bbox 1525 3943 1795 4004; x_wconf 82' lang='lat' dir='ltr'><strong>maritus</strong></span> <span class='ocrx_word' id='word_1_257' title='bbox 1912 3938 2371 3999; x_wconf 84' lang='lat' dir='ltr'><strong>Alexandrinis</strong></span> <span class='ocrx_word' id='word_1_258' title='bbox 2409 3938 2697 4020; x_wconf 17' lang='lat' dir='ltr'><strong>‘legimus</strong></span> <span class='ocrx_word' id='word_1_259' title='bbox 2747 3956 2985 3996; x_wconf 86' lang='lat' dir='ltr'><strong>annum</strong></span> <span class='ocrx_word' id='word_1_260' title='bbox 3037 3936 3157 4008; x_wconf 84' lang='lat' dir='ltr'><strong>V.‚</strong></span> <span class='ocrx_word' id='word_1_261' title='bbox 3206 3955 3404 4018; x_wconf 88' lang='lat' dir='ltr'><strong>quem</strong></span> 
     </span>
     <span class='ocr_line' id='line_1_30' title="bbox 286 4039 3399 4128; baseline -0.003 -20"><span class='ocrx_word' id='word_1_262' title='bbox 286 4048 411 4108; x_wconf 70' lang='lat' dir='ltr'><strong>Pis·</strong></span> <span class='ocrx_word' id='word_1_263' title='bbox 426 4089 443 4120; x_wconf 90' lang='lat'>‚</span> <span class='ocrx_word' id='word_1_264' title='bbox 493 4066 528 4107; x_wconf 89' lang='lat' dir='ltr'><strong>a</strong></span> <span class='ocrx_word' id='word_1_265' title='bbox 561 4058 790 4107; x_wconf 87' lang='lat' dir='ltr'><strong>senatu</strong></span> <span class='ocrx_word' id='word_1_266' title='bbox 822 4044 1076 4128; x_wconf 82' lang='lat' dir='ltr'><strong>accepit</strong></span> <span class='ocrx_word' id='word_1_267' title='bbox 1121 4047 1206 4126; x_wconf 75' lang='lat' dir='ltr'><strong>e).</strong></span> <span class='ocrx_word' id='word_1_268' title='bbox 1238 4047 1487 4110; x_wconf 79' lang='lat' dir='ltr'><strong>Verum</strong></span> <span class='ocrx_word' id='word_1_269' title='bbox 1522 4066 1654 4107; x_wconf 91' lang='lat' dir='ltr'><strong>non</strong></span> <span class='ocrx_word' id='word_1_270' title='bbox 1681 4044 1793 4106; x_wconf 86' lang='lat' dir='ltr'><strong>diu</strong></span> <span class='ocrx_word' id='word_1_271' title='bbox 1909 4058 2253 4101; x_wconf 86' lang='lat' dir='ltr'><strong>numerum</strong></span> <span class='ocrx_word' id='word_1_272' title='bbox 2288 4039 2760 4123; x_wconf 82' lang='lat' dir='ltr'><strong>explicavimus</strong></span> <span class='ocrx_word' id='word_1_273' title='bbox 2785 4041 2853 4100; x_wconf 90' lang='lat' dir='ltr'><strong>in</strong></span> <span class='ocrx_word' id='word_1_274' title='bbox 2897 4041 3019 4101; x_wconf 86' lang='lat' dir='ltr'><strong>hae</strong></span> <span class='ocrx_word' id='word_1_275' title='bbox 3050 4057 3399 4100; x_wconf 86' lang='lat' dir='ltr'><strong>numorum</strong></span> 
     </span>
     <span class='ocr_line' id='line_1_31' title="bbox 286 4140 3400 4232; baseline -0.001 -24"><span class='ocrx_word' id='word_1_276' title='bbox 286 4146 457 4209; x_wconf 85' lang='lat' dir='ltr'><strong>huie</strong></span> <span class='ocrx_word' id='word_1_277' title='bbox 496 4145 733 4209; x_wconf 88' lang='lat' dir='ltr'><strong>honori</strong></span> <span class='ocrx_word' id='word_1_278' title='bbox 784 4146 1108 4229; x_wconf 76' lang='lat' dir='ltr'><strong>superfuit</strong></span> <span class='ocrx_word' id='word_1_279' title='bbox 1152 4148 1318 4210; x_wconf 84' lang='lat' dir='ltr'><strong>elata</strong></span> <span class='ocrx_word' id='word_1_280' title='bbox 1360 4146 1558 4211; x_wconf 86' lang='lat' dir='ltr'><strong>tertio</strong></span> <span class='ocrx_word' id='word_1_281' title='bbox 1590 4148 1793 4232; x_wconf 85' lang='lat' dir='ltr'><strong>impe·</strong></span> <span class='ocrx_word' id='word_1_282' title='bbox 1910 4142 2139 4205; x_wconf 71' lang='lat' dir='ltr'><strong>classe·</strong></span> <span class='ocrx_word' id='word_1_283' title='bbox 2203 4144 2404 4202; x_wconf 78' lang='lat' dir='ltr'><strong>Teste</strong></span> <span class='ocrx_word' id='word_1_284' title='bbox 2439 4160 2766 4202; x_wconf 73' lang='lat' dir='ltr'><strong>marmore</strong></span> <span class='ocrx_word' id='word_1_285' title='bbox 2812 4140 3082 4204; x_wconf 82' lang='lat' dir='ltr'><strong>Gruteri</strong></span> <span class='ocrx_word' id='word_1_286' title='bbox 3115 4143 3176 4221; x_wconf 72' lang='lat' dir='ltr'><strong>g)</strong></span> <span class='ocrx_word' id='word_1_287' title='bbox 3237 4143 3400 4205; x_wconf 80' lang='lat' dir='ltr'><strong>vixit</strong></span> 
     </span>
     <span class='ocr_line' id='line_1_32' title="bbox 279 4240 3401 4333; baseline -0.002 -23"><span class='ocrx_word' id='word_1_288' title='bbox 279 4248 380 4310; x_wconf 84' lang='lat' dir='ltr'><strong>rii</strong></span> <span class='ocrx_word' id='word_1_289' title='bbox 422 4268 591 4311; x_wconf 88' lang='lat' dir='ltr'><strong>auno</strong></span> <span class='ocrx_word' id='word_1_290' title='bbox 648 4250 731 4317; x_wconf 84' lang='lat' dir='ltr'><strong>V.</strong></span> <span class='ocrx_word' id='word_1_291' title='bbox 768 4249 838 4313; x_wconf 89' lang='lat' dir='ltr'><strong>C.</strong></span> <span class='ocrx_word' id='word_1_292' title='bbox 878 4247 1039 4329; x_wconf 64' lang='grc'><strong>894,</strong></span> <span class='ocrx_word' id='word_1_293' title='bbox 1120 4261 1197 4312; x_wconf 86' lang='lat' dir='ltr'><strong>ut</strong></span> <span class='ocrx_word' id='word_1_294' title='bbox 1242 4249 1437 4312; x_wconf 83' lang='lat' dir='ltr'><strong>tradit</strong></span> <span class='ocrx_word' id='word_1_295' title='bbox 1485 4248 1795 4333; x_wconf 86' lang='lat' dir='ltr'><strong>Capitoli·</strong></span> <span class='ocrx_word' id='word_1_296' title='bbox 1826 4309 1841 4318; x_wconf 38' lang='lat' dir='ltr'><strong><em>s</em></strong></span> <span class='ocrx_word' id='word_1_297' title='bbox 1910 4257 2111 4307; x_wconf 83' lang='lat' dir='ltr'><strong>annos</strong></span> <span class='ocrx_word' id='word_1_298' title='bbox 2148 4243 2446 4308; x_wconf 81' lang='lat' dir='ltr'><strong>xxxvl.</strong></span> <span class='ocrx_word' id='word_1_299' title='bbox 2511 4255 2772 4305; x_wconf 82' lang='lat' dir='ltr'><strong>menses</strong></span> <span class='ocrx_word' id='word_1_300' title='bbox 2804 4244 2917 4307; x_wconf 86' lang='lat'>111.</span> <span class='ocrx_word' id='word_1_301' title='bbox 2972 4240 3113 4304; x_wconf 84' lang='lat' dir='ltr'><strong>dies</strong></span> <span class='ocrx_word' id='word_1_302' title='bbox 3153 4244 3266 4304; x_wconf 80' lang='lat' dir='ltr'><strong>xl.</strong></span> <span class='ocrx_word' id='word_1_303' title='bbox 3326 4245 3401 4304; x_wconf 89' lang='lat' dir='ltr'><strong>In</strong></span> 
     </span>
     <span class='ocr_line' id='line_1_33' title="bbox 288 4343 3401 4431; baseline -0.002 -18"><span class='ocrx_word' id='word_1_304' title='bbox 288 4370 456 4426; x_wconf 87' lang='lat' dir='ltr'><strong>nus,</strong></span> <span class='ocrx_word' id='word_1_305' title='bbox 502 4365 571 4414; x_wconf 87' lang='lat' dir='ltr'><strong>et</strong></span> <span class='ocrx_word' id='word_1_306' title='bbox 624 4350 953 4416; x_wconf 81' lang='lat' dir='ltr'><strong>consentit</strong></span> <span class='ocrx_word' id='word_1_307' title='bbox 1001 4372 1292 4414; x_wconf 86' lang='lat' dir='ltr'><strong>marmor</strong></span> <span class='ocrx_word' id='word_1_308' title='bbox 1328 4351 1673 4417; x_wconf 82' lang='lat' dir='ltr'><strong>Muratorii</strong></span> <span class='ocrx_word' id='word_1_309' title='bbox 1719 4345 1794 4431; x_wconf 78' lang='lat' dir='ltr'><strong>f),</strong></span> <span class='ocrx_word' id='word_1_310' title='bbox 1912 4367 1992 4412; x_wconf 90' lang='lat' dir='ltr'><strong>eo</strong></span> <span class='ocrx_word' id='word_1_311' title='bbox 2052 4359 2397 4431; x_wconf 87' lang='lat' dir='ltr'><strong>praeterea</strong></span> <span class='ocrx_word' id='word_1_312' title='bbox 2456 4344 2713 4407; x_wconf 84' lang='lat' dir='ltr'><strong>omissis</strong></span> <span class='ocrx_word' id='word_1_313' title='bbox 2771 4343 3046 4431; x_wconf 84' lang='lat' dir='ltr'><strong>reliquis</strong></span> <span class='ocrx_word' id='word_1_314' title='bbox 3118 4346 3401 4430; x_wconf 81' lang='lat' dir='ltr'><strong>legitur:</strong></span> 
     </span>
    </p>
   </div>
   <div class='ocr_carea' id='block_1_9' title="bbox 304 4632 3394 4818">
    <p class='ocr_par' dir='ltr' id='par_1_10' title="bbox 304 4632 3394 4818">
     <span class='ocr_line' id='line_1_34' title="bbox 404 4632 3394 4726; baseline -0.004 -19"><span class='ocrx_word' id='word_1_315' title='bbox 404 4649 466 4718; x_wconf 78' lang='lat' dir='ltr'><strong>a)</strong></span> <span class='ocrx_word' id='word_1_316' title='bbox 505 4641 740 4703; x_wconf 74' lang='lat' dir='ltr'><strong>Novell·</strong></span> <span class='ocrx_word' id='word_1_317' title='bbox 789 4639 1111 4726; x_wconf 77' lang='lat' dir='ltr'><strong>LXXVIII·</strong></span> <span class='ocrx_word' id='word_1_318' title='bbox 1162 4658 1211 4697; x_wconf 80' lang='lat' dir='ltr'><strong>c·</strong></span> <span class='ocrx_word' id='word_1_319' title='bbox 1261 4651 1313 4705; x_wconf 79' lang='grc'><strong>5-</strong></span> <span class='ocrx_word' id='word_1_320' title='bbox 1474 4643 1541 4717; x_wconf 88' lang='lat' dir='ltr'><strong>b)</strong></span> <span class='ocrx_word' id='word_1_321' title='bbox 1585 4644 1646 4704; x_wconf 89' lang='lat' dir='ltr'><strong>in</strong></span> <span class='ocrx_word' id='word_1_322' title='bbox 1699 4640 2190 4708; x_wconf 80' lang='lat' dir='ltr'><strong>Diadumeniauo·</strong></span> <span class='ocrx_word' id='word_1_323' title='bbox 2355 4635 2414 4706; x_wconf 84' lang='lat' dir='ltr'><strong>c)</strong></span> <span class='ocrx_word' id='word_1_324' title='bbox 2453 4633 2588 4710; x_wconf 76' lang='lat' dir='ltr'><strong>Pag·</strong></span> <span class='ocrx_word' id='word_1_325' title='bbox 2628 4632 2752 4703; x_wconf 76' lang='lat'><strong>256.</strong></span> <span class='ocrx_word' id='word_1_326' title='bbox 2790 4634 2846 4695; x_wconf 84' lang='lat'><strong>6.</strong></span> <span class='ocrx_word' id='word_1_327' title='bbox 3008 4635 3080 4710; x_wconf 89' lang='lat' dir='ltr'><strong>d)</strong></span> <span class='ocrx_word' id='word_1_328' title='bbox 3115 4637 3228 4699; x_wconf 77' lang='lat' dir='ltr'><strong>suh</strong></span> <span class='ocrx_word' id='word_1_329' title='bbox 3266 4638 3394 4696; x_wconf 82' lang='lat' dir='ltr'><strong>init.</strong></span> 
     </span>
     <span class='ocr_line' id='line_1_35' title="bbox 304 4728 3190 4818; baseline -0.001 -17"><span class='ocrx_word' id='word_1_330' title='bbox 304 4744 443 4801; x_wconf 76' lang='lat' dir='ltr'><strong>Ant.</strong></span> <span class='ocrx_word' id='word_1_331' title='bbox 485 4738 577 4801; x_wconf 86' lang='lat' dir='ltr'><strong>Pii</strong></span> <span class='ocrx_word' id='word_1_332' title='bbox 612 4749 671 4798; x_wconf 88' lang='lat' dir='ltr'><strong>et</strong></span> <span class='ocrx_word' id='word_1_333' title='bbox 698 4738 777 4795; x_wconf 78' lang='lat' dir='ltr'><strong>M.</strong></span> <span class='ocrx_word' id='word_1_334' title='bbox 801 4736 1003 4796; x_wconf 80' lang='lat' dir='ltr'><strong>Aurel.</strong></span> <span class='ocrx_word' id='word_1_335' title='bbox 1157 4738 1217 4810; x_wconf 85' lang='lat' dir='ltr'><strong>e)</strong></span> <span class='ocrx_word' id='word_1_336' title='bbox 1257 4739 1579 4818; x_wconf 84' lang='lat' dir='ltr'><strong>Capitolin.</strong></span> <span class='ocrx_word' id='word_1_337' title='bbox 1618 4742 1678 4799; x_wconf 90' lang='lat' dir='ltr'><strong>iu</strong></span> <span class='ocrx_word' id='word_1_338' title='bbox 1717 4741 1932 4800; x_wconf 88' lang='lat' dir='ltr'><strong>Auton.</strong></span> <span class='ocrx_word' id='word_1_339' title='bbox 2080 4736 2131 4808; x_wconf 80' lang='lat' dir='ltr'><strong>s)</strong></span> <span class='ocrx_word' id='word_1_340' title='bbox 2163 4741 2298 4803; x_wconf 71' lang='lat'>1³⁸8·</span> <span class='ocrx_word' id='word_1_341' title='bbox 2339 4735 2464 4816; x_wconf 79' lang='lat'><strong>239·</strong></span> <span class='ocrx_word' id='word_1_342' title='bbox 2502 4734 2556 4788; x_wconf 80' lang='lat'><strong>3·</strong></span> <span class='ocrx_word' id='word_1_343' title='bbox 2702 4728 2767 4804; x_wconf 76' lang='grc'><strong>8)</strong></span> <span class='ocrx_word' id='word_1_344' title='bbox 2805 4729 2938 4806; x_wconf 73' lang='lat'><strong>1³⁸8·</strong></span> <span class='ocrx_word' id='word_1_345' title='bbox 2978 4728 3100 4796; x_wconf 77' lang='lat'><strong>261·</strong></span> <span class='ocrx_word' id='word_1_346' title='bbox 3138 4740 3190 4798; x_wconf 75' lang='grc' dir='ltr'><strong>ὅ·</strong></span> 
     </span>
    </p>
   </div>
  </div>
 </body>
</html>
