4652 5937
1208 445 1357 531 18].
1632 462 1637 467 -
1728 388 1736 396 ’
1998 423 2083 525 ι..
2187 414 2842 490 SEPTIMIVS
2915 418 3520 494 -sEvERvs

1210 611 1445 683 OLVS
1486 611 1617 672 hoc
1658 610 1810 685 loco
1853 623 2253 689 praenomen
2300 616 2438 677 est,
2501 602 2718 685 scrip·

1205 705 1346 793 tum
1405 735 1528 798 pro
1576 708 1895 791 AVLVS,
1981 706 2165 789 cujus
2224 704 2525 788 exempla
2575 703 2698 767 alia

1206 808 1359 889 tledi
1392 814 1523 878 vol.
1560 814 1667 879 lv.
1702 833 1766 895 p.
1802 808 1908 872 56.

1326 916 1538 997 ,Cujus
1590 926 1859 974 naturae
1908 911 2107 974 fuerit
2139 911 2303 973 haec
2353 906 2509 982 dea,
2569 924 2699 990 quo

1207 1021 1389 1095 cultu
1407 1014 1766 1101 proposita,
1806 1013 2050 1094 optime
2079 1010 2341 1074 docebit
2362 1006 2700 1091 Apuleius,

1202 1124 1344 1216 ipse
1395 1118 1577 1182 Aser.
1661 1110 1904 1196 Mamm
1962 1116 2135 1177 Iovis
2181 1132 2533 1195 permana,
2606 1108 2703 1169 in·

1204 1222 1347 1305 quit
1380 1221 1473 1299 ⁰),
1532 1229 1595 1279 et
1636 1220 1952 1299 conp'uya,
2014 1217 2150 1279 sive
2194 1226 2262 1277 tu
2311 1216 2536 1287 Sami,
2594 1244 2621 1256 -
2672 1241 2702 1257 ··

1202 1312 1341 1386 sive
1373 1324 1582 1383 celsae
1614 1300 2017 1397 Carthayinis
2038 1360 2055 1390 ,
2101 1336 2265 1399 quae
2296 1324 2358 1375 te
2388 1316 2705 1393 viryinem

1202 1434 1462 1486 vectura
1499 1416 1703 1481 levitis
1733 1422 1906 1482 coelo
1929 1411 2380 1479 com-meantem
2406 1416 2703 1492 percolit,

1200 1528 1426 1586 beatas
1459 1526 1637 1582 sedes
1647 1523 2042 1603 frequentas
2088 1520 2189 1583 En
2226 1516 2344 1577 tibi
2364 1515 2529 1576 hanc
2551 1515 2705 1576 Car-

1201 1621 1721 1732 thaginiensiurn
1782 1619 1970 1705 deam
2021 1618 2088 1676 in
2141 1630 2409 1677 rectula
2465 1614 2698 1691 leonis,

1202 1740 1397 1823 atque
1449 1724 1576 1785 hoc
1636 1720 1829 1780 etiam
1880 1716 2077 1778 modo
2137 1718 2201 1776 in
2257 1736 2457 1778 numo
2515 1735 2703 1800 prae-

1205 1824 1392 1885 s'ente
1414 1846 1493 1906 pl
1499 1821 1853 1904 opositam,
1898 1832 2034 1879 tum
2065 1830 2132 1878 et
2168 1816 2246 1877 ab
2264 1819 2542 1902 Apuleio
2577 1838 2697 1901 pro

1203 1916 1454 1987 Iunone
1537 1923 1861 1995 habitam,
1958 1940 2324 2003 quanquam
2407 1922 2726 2004 spectato.

1198 2026 1414 2090 leonis
1485 2024 1850 2099 ministerio
1930 2019 2177 2105 aliquid
2249 2019 2484 2085 habeat
2547 2041 2728 2101 cum⁸

1200 2133 1417 2192 Matre
1453 2120 1644 2189 deum
1679 2142 2027 2187 commune
2050 2167 2067 2198 ,
2112 2134 2181 2181 ut
2218 2142 2450 2183 revera
2477 2121 2544 2183 S.
2571 2122 2700 2184 Au-

1202 2230 1498 2313 gustinus
1535 2228 1701 2290 hanc
1737 2240 1802 2289 et
1845 2225 2215 2288 Coelestem
2254 2216 2546 2285 nostram
2568 2243 2697 2287 uno

1202 2330 1569 2414 eodemque
1588 2330 1740 2401 loco
1762 2327 2100 2407 conjunxit
2134 2326 2235 2406 ι));

1199 2538 1396 2597 nium.
1445 2528 1575 2593 Sed
1598 2546 1664 2593 et
1686 2531 2132 2593 Tertullianus
2154 2573 2170 2604 ,
2219 2549 2369 2611 cum
2408 2526 2571 2615 digit
2602 2527 2700 2606 ο)ε

1199 2640 1309 2697 Ad
1351 2638 1589 2696 bestias
1632 2636 2014 2712 impellimur
2035 2633 2071 2691 ,9
2133 2641 2336 2715 certe,
2396 2650 2557 2711 quas
2592 2632 2702 2691 Li-

1205 2720 1350 2797 bcro
1371 2779 1387 2809 ,
1460 2720 1523 2796 et
1577 2737 1827 2814 Cybele,
1902 2744 1969 2795 et
2011 2736 2278 2794 Caelesti
2332 2734 2695 2817 applicatis,

1200 2833 1430 2917 leones
1454 2834 1801 2910 intellexit,
1850 2853 2013 2916 quos
2044 2831 2291 2895 Bacchi
2328 2844 2395 2892 et
2416 2819 2697 2911 Cybeles

1201 2935 1455 3023 jugales
1473 2920 1796 2998 novimus.
1841 2931 1944 2997 Ad
1977 2931 2427 3014 explicandam
2466 2953 2695 3015 aquam

1204 3057 1241 3097 e
1279 3055 1442 3118 rupe
1464 3048 1956 3118 promanantem
1980 3033 2312 3115 duplicem
2348 3032 2532 3095 lubet
2553 3055 2702 3096 eru-

1207 3134 1357 3196 ditis
1397 3154 1771 3217 proponeie
1811 3135 2277 3232 conjecturam.
2357 3135 2488 3197 Aut
2524 3137 2732 3212 enim,

1206 3209 1667 3320 credipotest,
1687 3237 1896 3300 Seven
1901 3258 2007 3297 um
2031 3256 2147 3296 suo
2170 3250 2433 3318 sumptu
2468 3257 2698 3320 aquam

1212 3337 1671 3452 Carthaginem
1730 3338 2097 3410 derivasse,
2157 3350 2222 3400 et
2262 3337 2439 3400 istud
2494 3358 2698 3422 aquae

1209 3434 1594 3520 impetratae
1637 3437 2029 3502 beneficium
2086 3435 2180 3502 sic
2234 3439 2493 3502 fuisse
2474 3463 2539 3501 tn
2585 3463 2703 3502 nu-

1086 3581 1093 3590 .
1204 3539 1328 3601 mis
1349 3538 1773 3623 inscriptione
1796 3542 2421 3611 INDVLGENTIA.
2439 3540 2700 3608 AVGG.

1205 3640 1317 3703 IN.
1372 3641 1692 3708 CARTH.
1739 3643 2181 3716 celebratum,
2243 3656 2332 3704 ut
2371 3643 2530 3705 olim
2582 3646 2704 3708 Pa·

1208 3753 1464 3802 trenses
1497 3741 1781 3806 Achaiae
1814 3740 2208 3818 heneficium
2249 3759 2554 3808 monetae
2585 3746 2704 3808 im-

1208 3853 1506 3923 petratae
1542 3841 2049 3923 praedicabant
2029 3865 2097 3906 m
2117 3845 2372 3938 numis,
2399 3848 2700 3931 scripto,

1207 3928 1895 4008 INDVLGENTIAE.
1922 3945 2704 4013 AVG.MONETA.1M-

1210 4045 1653 4112 PETRATA.
1707 4048 1880 4130 Aut,
1945 4045 2135 4132 quod
2166 4062 2514 4142 ‚praestare
2569 4049 2704 4112 exi·

1207 4146 1428 4220 stimo,
1462 4145 1626 4214 haec
1657 4169 1862 4234 aquae
1893 4145 2139 4212 fluenta
2159 4149 2241 4211 ad
2273 4165 2497 4236 typum
2525 4151 2702 4235 prin·

1213 4243 1427 4328 cipem
1495 4239 1675 4310 deae
1728 4251 2050 4336 coelestis
2107 4252 2463 4348 pertinent.
2547 4252 2702 4316 Fuit

1212 4342 1416 4421 haec,
1474 4361 1643 4410 teste
1680 4350 1920 4414 iterum
1959 4335 2375 4415 Tertulliano
2406 4351 2506 4433 d),
2556 4358 2702 4435 plu-

2287 2327 2555 2386 Coelesti
2571 2328 2702 2384 vir-
2725 2398 2730 2405 ,

1191 2422 1363 2513 yini,
1414 2442 1479 2493 et
1527 2416 1995 2509 Berecynthiae‘
2028 2432 2223 2488 matri
2268 2430 2529 2489 deorum
2570 2425 2724 2511 ont-d

2816 606 3068 664 viarum
3089 605 3560 703 pollicitatrix,
3607 624 3762 687 quas
3794 601 4036 664 facile
4067 599 4360 662 indicant

2816 722 3021 787 aquae
3078 725 3160 764 ex
3202 725 3367 788 iupe
3401 682 3853 787 profluentes,
3909 720 4111 788 quae
4151 701 4366 763 coele·

2818 805 3026 870 stibus
3080 805 3320 889 pluviis
3376 806 3790 880 nutiiuntur,
3877 823 4243 889 quorsum
4295 814 4363 862 et

2816 906 3105 989 pertinet
3152 907 3439 980 fulmen,
3487 906 3664 993 quod
3700 907 3819 969 dea
3861 926 4104 966 manu
4151 903 4370 984 jactat,

2814 1029 2965 1095 nam
3004 1007 3238 1069 eodem
3290 1022 3356 1069 et
3388 1008 3687 1091 Iuppiter
3713 1007 4024 1070 Pluvius
4067 1017 4368 1066 armatus

2815 1123 3152 1192 comparet
3182 1109 3247 1171 in
3269 1131 3466 1199 numo
3491 1109 3777 1193 Ephesi,
3823 1128 4059 1193 quem
4087 1104 4256 1168 vide
4290 1105 4367 1181 e).

2816 1207 2980 1271 Cum
3031 1230 3114 1273 ex
3164 1209 3446 1273 laudatis
3471 1212 3733 1293 Apuleii
3761 1209 4029 1277 ,verbis
4071 1222 4372 1297 constet,

2814 1309 2983 1374 hanc
3068 1314 3443 1375 Coelestem
3519 1311 3791 1395 eandem
3868 1311 4122 1375 fuisse
4218 1329 4364 1370 cum

2815 1413 3100 1499 Iunone,
3148 1428 3217 1476 et
3253 1428 3509 1478 constet
3532 1427 3873 1496 praeterea
3899 1457 3919 1488 ,
3980 1410 4166 1472 huic
4195 1408 4368 1473 aeris

2816 1506 3158 1577 arbitrium
3204 1513 3409 1577 fuisse
3447 1515 3836 1599 permissum
3862 1559 3881 1590 ,
3949 1511 4186 1575 facile
4221 1510 4364 1590 ejus

2818 1616 2980 1678 deae
3047 1638 3193 1679 cum
3261 1617 3502 1699 pluviis
3565 1637 3805 1677 nexum
3853 1609 4360 1695 intelligimus.

2814 1718 3073 1781 Placuit
3118 1717 3200 1779 ad
3252 1715 3710 1807 explicandum
3768 1731 3992 1803 totu-m
4058 1715 4207 1775 hoc
4264 1735 4362 1774 ar·

2817 1833 3196 1907 gumentum
3238 1838 3396 1900 prae
3446 1819 3723 1881 testibus
3771 1820 3917 1883 aliis
3980 1833 4366 1880 arcessere

2814 1918 3205 2006 Apuleium,
3262 1919 3739 2005 Augustinum,
3804 1918 4355 2002 Tertullianum,

2814 2003 2992 2106 quod
3032 2021 3102 2081 hi
3141 2033 3279 2082 tres
3323 2022 3469 2083 Asri
3507 2023 3769 2106 natione
3821 2023 4027 2085 fuere
4054 2066 4075 2097 ,
4129 2020 4353 2103 iisqne

2814 2123 2978 2185 adeo
3012 2122 3370 2185 domestica
3401 2123 3566 2185 haec
3591 2121 3813 2185 fabula
3849 2125 4174 2186 omnium
4218 2140 4353 2180 ma·

2812 2225 2987 2286 xime
3049 2237 3398 2308 perspecta
3460 2244 3604 2288 esse
3671 2224 3924 2288 debuit.
4018 2220 4343 2287 Eandem

2814 2326 2981 2389 hanc
3037 2327 3441 2401 coelestem,
3505 2326 3622 2387 sed
3664 2327 3915 2389 Lunam
3966 2324 4340 2395 creditam,

2815 2426 2893 2487 ab
2931 2427 3292 2512 Elagabalo
3337 2428 3549 2495 fuisse
3583 2432 3860 2491 Romam
3907 2426 4341 2497 translatam,

2813 2525 3036 2623 ibique
3086 2529 3211 2591 deo
3245 2529 3606 2612 Elagabalo
3658 2529 4090 2591 matrimonio
4150 2526 4376 2609 juno&

2813 2641 2940 2691 tam
2968 2673 2984 2704 ‚
3032 2629 3098 2690 in
3131 2630 3324 2713 hujus
3354 2644 3613 2693 moneta
3653 2630 4068 2695 docebimus.

2938 2733 3188 2793 Numos
3240 2731 3397 2806 hos,
3472 2731 3598 2794 etsi
3665 2734 3854 2795 nullo
3919 2730 4326 2799 charactere

2814 2830 3286 2919 chronologico
3345 2832 3673 2918 insignes,
3752 2833 4096 2918 praesenti
4151 2847 4352 2910 anno3

2813 2929 3050 3008 adfixi,
3115 2934 3265 3018 quia
3307 2934 3375 2996 in
3440 2935 3655 2997 numis
3713 2936 4097 2999 caracallae
4151 2931 4351 3015 ejus·⁴

2813 3033 2965 3096 dem
2997 3037 3367 3121 argumenti
3399 3037 3669 3120 insuper
3705 3038 3966 3101 additur
4004 3036 4168 3099 tri-b.
4203 3052 4323 3118 po·

2812 3149 3046 3214 testas,
3107 3137 3177 3199 in
3229 3139 3373 3201 aliis
3403 3139 3552 3219 VI...
3600 3140 3671 3209 in
3703 3139 3851 3206 aliis
3887 3141 4030 3210 Vll.
4057 3182 4076 3213 ‚
4146 3151 4322 3220 quae

2814 3253 2912 3300 est
2942 3237 3138 3322 hujus
3164 3239 3504 3326 temporis.

3373 3469 3412 3507 ff
3540 3425 3579 3463 ι’
3703 3469 3745 3508 st

3163 3545 3407 3607 Eadem
3450 3549 3745 3607 adversa.
3923 3597 3930 3602 .

2817 3625 2962 3708 1111
3026 3645 3633 3709 LIBERALITAS.
3688 3644 3957 3713 AVGG.
4049 3650 4313 3710 Libera-

2818 3752 2973 3811 litas
3001 3760 3200 3810 stans.
3243 3749 3381 3810 AR.
3427 3751 3629 3831 (Mus,
3665 3750 3962 3829 Caes.)

2945 3851 3050 3911 Ex
3096 3848 3313 3911 numis
3357 3849 3508 3912 anni
3548 3848 4007 3932 praecedentis
4060 3866 4308 3916 certam

2800 3913 3116 4012 ⁴tenemus
3149 3950 3381 4016 Severi
3399 3948 3861 4015 liberalitatem
3880 3952 3989 4015 111.
4031 3954 4120 4015 At
4142 3948 4314 4014 diffi-

2817 4050 3008 4114 cilius
3047 4062 3157 4112 ‘est
3219 4049 3429 4133 figere
3490 4067 3907 4136 praesentem
3934 4055 4079 4119 1111.
4190 4056 4332 4122 Tar

2817 4172 2970 4214 men
3024 4171 3107 4213 ex
3147 4173 3348 4215 numo
3398 4133 3977 4220 Caracallae‘cum
4027 4154 4151 4218 hac
4208 4175 4310 4219 ea·

2816 4254 2967 4332 dem
3018 4273 3246 4318 aversa
3287 4275 3421 4318 non
3464 4255 3886 4322 incommode
3917 4278 4088 4338 anno
4124 4275 4308 4341 prae-

2818 4354 2988 4418 senti
3022 4355 3319 4441 illigatur
3343 4371 3618 4442 propter
3637 4357 3858 4422 vultus
3891 4357 4308 4429 lineamenta,

1205 4505 4281 4552 Ἢ,

3203 4571 3208 4580 ’
3656 4557 3664 4570 t

1288 4600 1352 4672 a>
1391 4596 1885 4676 Metamorph.1..
1924 4601 2027 4666 vt.
2115 4602 2184 4677 b)
2224 4585 2298 4668 de
2337 4603 2468 4674 Cir.
2509 4604 2710 4706 5²⁶1&-
2743 4605 2819 4669 11.
2860 4627 2909 4668 c.
2942 4616 2997 4670 4.

1218 4689 1279 4758 ε)
1320 4683 1453 4748 Vol.
1490 4687 1560 4744 11.
1599 4708 1659 4764 p.
1690 4696 1814 4752 514.

3061 4611 3153 4681 c)
3191 4607 3448 4687 Apolog.
3479 4630 3538 4670 ·c.
3560 4624 3653 4672 ιο.
3682 4671 3688 4682 ,
3721 4589 3797 4683 ἃ)
3833 4589 4089 4690 ¹Apolog‘.
4131 4631 4181 4669 c.
4211 4622 4303 4675 23.

4603 4067 4606 4118 μᾼ
4599 3933 4612 4020 Ἷ-μμ,
