4652 5937
1361 419 2065 546 COMMODvs

691 647 928 705 Eodem
973 664 1143 706 anno
1163 665 1187 705 .·

156 747 355 807 aedit
378 763 778 825 praenomen
819 749 1012 809 Lucii
1029 788 1046 820 ,
1093 749 1387 825 exspirat
1435 750 1586 810 BR]
1592 751 1661 811 T.

282 949 393 1010 Ex
435 946 693 1023 mimis,
740 967 904 1030 quos
941 947 1137 1010 modo
1169 948 1553 1025 recensebo,
1589 951 1660 1026 ii,

155 1049 267 1132 qui
300 1051 646 1111 mentione
675 1050 1047 1110 consulatus
1072 1048 1397 1111 abstinent
1418 1095 1435 1128 ,
1468 1053 1661 1114 ctiam

154 1170 322 1212 anno
355 1164 683 1235 sequente
718 1148 907 1213 feriri
929 1165 1306 1234 potuerunt.

157 1352 232 1413 Α.
439 1354 527 1415 L.
564 1351 762 1415 ΑΕΒ.
799 1354 1120 1419 AVREL.
1155 1354 1438 1426 COMM.
1464 1357 1658 1423 AVG.

440 1456 521 1516 P.
560 1454 756 1519 FEL.
813 1459 1017 1536 Caput
1037 1461 1396 1519 laureatum
1429 1460 1499 1521 in
1515 1463 1656 1525 AB.

449 1560 602 1619 ΑΕ.
637 1561 694 1618 Ι.
734 1562 821 1619 II.

436 1761 786 1827 MODVS.
842 1763 1037 1832 AVG.
1069 1751 1296 1835 'P1VS.
1363 1768 1653 1829 Fme.

435 1870 516 1928 s’n
549 1870 689 1928 ΑΕ.
726 1887 900 1926 max.
928 1871 1093 1928 mod.

160 1966 224 2028 C.
427 1968 616 2046 Imp,
652 1965 1181 2032 COMMODVS.
1213 1969 1653 2039 AVG.P1VS.

432 2068 735 2138 FELIX,
786 2071 985 2146 Caput
1013 2073 1369 2132 laureatum
1410 2076 1481 2134 iu
1513 2078 1655 2135 ΑΕ.

430 2191 616 2232 max.
649 2175 817 2232 mod.
866 2171 1128 2250 (Haym.
1163 2170 1436 2255 Pisani.)

891 2270 931 2309 s

728 2313 767 2352 ἢ

450 2378 535 2435 Vt
581 2375 676 2434 Iit.
715 2377 796 2434 A.

162 2477 205 2538 1.
257 2477 336 2538 O.
371 2478 460 2535 M.
516 2473 951 2536 SPONSOR.
1000 2475 1183 2539 SEC.
1237 2477 1437 2545 AVG.
1506 2480 1655 2558 Iup-

157 2581 316 2654 piter
347 2589 533 2638 stans
562 2597 615 2635 s.
639 2578 910 2651 hastam,
956 2582 1017 2638 d.
1048 2582 1365 2660 continqit
1385 2584 1659 2659 impera·

165 2689 348 2738 torem
397 2682 765 2738 adstantem
813 2689 1101 2758 toqatum
1149 2684 1211 2740 d.
1255 2684 1515 2761 qlobum
1535 2726 1550 2755 ‚
1597 2704 1646 2742 s·

167 2788 461 2856 sceptrum
497 2789 836 2842 tenentem.
863 2781 1003 2843 AR.
1057 2781 1131 2841 In
1173 2783 1393 2843 aeneis
1430 2785 1478 2845 Ι.
1513 2783 1648 2844 sor·

167 2896 302 2937 mae
332 2892 680 2960 praeterea
711 2881 1005 2943 additur:
1054 2880 1372 2948 COS.VI.
1394 2886 1465 2944 P.
1482 2886 1555 2946 P.
1578 2885 1646 2946 S.

167 2979 231 3040 C.
250 2984 610 3061 etluppn‘ter
635 3006 686 3043 a.
716 2987 964 3063 fulmen
983 2994 1169 3046 tenet.
1200 2986 1401 3065 (Mus.
1429 2987 1644 3068 Caes.)

439 3088 525 3144 Vt
569 3087 666 3147 lit.
707 3088 788 3147 Α.
928 3102 932 3106 ’

168 3180 357 3248 10V1.
410 3184 789 3247 DEFENS.
829 3185 1217 3267 SALVTIS.
1257 3186 1454 3254 AVG.
1500 3193 1646 3269 Iup-

159 3286 313 3358 piter
354 3295 537 3347 stans
568 3290 736 3348 inter
763 3298 994 3366 ‚septem
1025 3291 1161 3349 sive
1192 3292 1464 3367 triones,
1507 3295 1644 3353 sive

161 3386 440 3457 planetas
491 3391 557 3448 d.
600 3391 851 3467 fulmen
913 3391 1216 3465 intentat,
1277 3414 1329 3455 s.
1370 3397 1641 3455 hastam.

165 3485 291 3547 AR.
336 3488 540 3568 (Mus.
567 3490 782 3568 Caes.)
1163 3494 1182 3498 ”

1056 2315 1097 2354 ae
1127 2305 1134 2318 .

445 3594 531 3653 V!
573 3593 670 3653 lit.
715 3597 792 3654 A.

167 3686 449 3750 MATRI.
541 3693 821 3763 DEVM.
918 3693 1351 3760 CONSERV.
1444 3696 1638 3764 AVG.

170 3788 339 3851 COS.
380 3792 490 3857 VI.
529 3794 604 3853 P.
644 3797 715 3854 P.
752 3795 818 3856 S.
857 3794 926 3855 C.
978 3800 1199 3877 Cybele
1243 3803 1422 3861 leone
1460 3812 1642 3862 vecta

167 3893 219 3947 d·
252 3902 643 3972 tympanum,
689 3899 1029 3961 ademtam.
1073 3894 1210 3961 ΑΕ.
1237 3903 1391 3963 1.11.
1437 3901 1638 3983 (Mus.

172 3992 364 4073 Caes.)

193 4120 194 4123 ¹
275 4095 505 4159 Eidem
578 4112 795 4162 tamen
864 4101 1017 4165 huic
1073 4100 1199 4164 deo
1244 4118 1313 4166 et
1357 4105 1640 4169 Herculi

172 4212 316 4274 opus
346 4196 550 4262 fuisse
577 4205 732 4264 Iove
752 4207 1075 4282 Spomore
1118 4210 1521 4283 securitatis,
1568 4222 1638 4270 et

171 4296 478 4371 des'ensore
491 4300 760 4378 ‘saluti-s,
809 4317 876 4365 et
913 4310 1122 4368 Matre
1156 4313 1343 4369 deum
1390 4329 1637 4372 conser-

172 4401 407 4472 natrice,
441 4418 822 4486 praesentes
837 4408 1015 4469 numi
1027 4406 1439 4491 profitentur.
1480 4410 1636 4471 Exi-

173 4491 367 4559 stimat
409 4502 620 4567 Lilius
674 4508 997 4588 Gyraldus
1030 4513 1128 4591 ⁸),
1196 4506 1322 4571 Δια
1369 4505 1637 4573 Haemon

3092 511 3097 518 ’
3129 496 3266 566 127

1778 655 2207 714 memoratum
2248 653 2566 738 Dionysio
2590 659 3146 728 naricamassensi
3178 662 3267 748 b),

1779 752 1963 835 cujus
1982 753 2177 816 aedes
2213 755 2277 815 in
2303 758 2477 819 colle
2498 760 2780 823 Martiali
2815 765 3028 847 stetit,
3066 766 3271 832 fuisse

1779 854 1998 915 lovem
2048 859 2204 936 fidei
2229 878 2595 936 sponsorem
2617 906 2633 937 ‚
2681 877 2745 924 et
2776 864 2951 928 forte
2987 886 3132 931 eum
3171 872 3269 954 ip·-

1778 975 1958 1030 sum,
2029 977 2226 1040 quem
2288 961 2568 1023 Romani
2616 968 2813 1027 Deum
2864 969 3122 1030 Fidium
3174 971 3269 1034 di·

1776 1074 1959 1118 xere.
2032 1060 2413 1143 Epigraphe
2474 1084 2605 1125 non
2668 1068 2944 1129 multum
3006 1071 3267 1136 absimi-

1775 1156 1856 1219 lis
1905 1157 2200 1222 habetur
2221 1162 2287 1222 in
2333 1184 2533 1225 numo
2580 1167 2908 1230 Postumi:
2954 1172 3001 1232 I.
3049 1172 3133 1236 O.
3168 1177 3261 1242 M,

1777 1260 2244 1330 SPONSORI.
2313 1266 2703 1332 SAECV'LI.
2768 1271 3002 1347 AVG.‚
3080 1277 3260 1339 unde

1777 1361 2013 1443 conjici
2046 1378 2289 1445 posset,
2338 1367 2529 1427 etiam
2571 1367 2635 1428 in
2679 1389 3025 1451 praesente
3061 1397 3261 1441 numo

1774 1485 1845 1525 το
1891 1464 2071 1526 SEC.
2107 1480 2338 1527 notare
2373 1468 2742 1543 SECuImn,
2768 1459 2920 1533 ”non
2971 1457 3267 1542 SECur-i'-

1485 1613 1489 1617 Α
1699 1581 1722 1658 ,Α
1775 1577 2006 1641 tatem,
2052 1564 2173 1626 nisi
2211 1565 2363 1628 inde
2397 1567 2477 1628 ab
2497 1570 2790 1654 Augusto
2807 1591 3154 1654 constaret,
3194 1580 3263 1643 in

153 1659 228 1717 B.
431 1658 519 1722 1..
562 1660 901 1727 AELIVS.
931 1661 1393 1732 AVRELIVS.
1436 1663 1657 1727 COM—

1769 1668 1986 1728 numis
2039 1686 2302 1750 semper
2338 1659 2811 1739 SAECVLVM
2855 1677 3092 1754 scribi,
3129 1701 3263 1743 non

1773 1758 2208 1836 SECVLVM.
2273 1767 2579 1833 Ceterum
2629 1775 2797 1838 male
2839 1798 3117 1842 munere
3144 1803 3263 1845 suo

1769 1869 2033 1932 functus
2070 1884 2170 1932 cst
2198 1871 2529 1954 Iuppiter,
2564 1876 2823 1957 quando
2880 1882 3094 1961 pridie
3130 1886 3264 1945 Ka·

1771 1972 1950 2034 lend.
1999 1974 2137 2033 Ian.
2190 1974 2338 2033 anni
2382 1977 2715 2058 sequentis
2781 1982 3034 2044 nefarie
3085 1986 3264 2048 vadi-

1774 2072 2064 2134 monium
2096 2072 2409 2137 deseruit.
2456 2078 2539 2137 At
2571 2091 2842 2141 matrem
2882 2082 3072 2146 deum
3111 2075 3259 2166 jure

1772 2174 2323 2236 conservatricem
2393 2180 2680 2259 agnovit.
2781 2185 2945 2246 Nam
3011 2188 3260 2271 aliquot

1771 2289 1919 2335 ante
1954 2276 2134 2336 annis
2156 2320 2172 2349 ‚
2218 2297 2348 2359 quo
2376 2276 2485 2337 die
2520 2283 2816 2343 consueti
2863 2285 3003 2347 ludi
3038 2293 3261 2373 Mega·
3347 2299 3353 2304 ”

1768 2375 1931 2437 lesia
1966 2376 2032 2436 in
2067 2375 2209 2457 ejus
2243 2377 2562 2441 honorem
2605 2384 2734 2444 acti
2773 2400 2957 2461 sunt,
3020 2393 3260 2453 Mater-

1767 2497 1889 2537 nus
1917 2477 2233 2561 quispiam
2278 2478 2604 2543 latronum
2653 2483 2785 2547 dux
2833 2489 3095 2552 Caesari
3132 2513 3257 2575 per

1768 2577 2076 2639 ludorum
2142 2578 2473 2643 licentiam
2523 2582 2789 2648 insidias
2832 2585 3254 2675 comparavit.

1768 2678 2041 2739 Prodito
2089 2697 2210 2761 per
2264 2681 2478 2743 socios
2511 2686 2824 2764 consilio,
2887 2705 2952 2752 et
2983 2708 3252 2757 auctore

1762 2779 2015 2839 meritis
2050 2780 2387 2863 suppliciis
2418 2782 2676 2847 adfecto
2714 2789 2890 2872 ipse,
2938 2814 3010 2856 ac
3049 2818 3254 2879 popu·

1762 2878 1866 2940 lus
1920 2880 2129 2943 omnis
2187 2884 2385 2962 deae,
2448 2888 2629 2951 velut
2682 2911 2846 2973 quae
2883 2894 3248 2982 principem

1762 2999 2110 3065 praesente
2167 2989 2470 3070 periculo
2526 2992 2912 3076 eripuisset,
3010 3002 3248 3065 soteria

1764 3088 2025 3171 peregit
2056 3088 2135 3166 c).
2198 3091 2301 3152 De
2333 3091 2648 3174 Serapide
2685 3091 2954 3180 quoque
2985 3119 3249 3166 conser-

1764 3200 1989 3250 vatore
2021 3210 2174 3252 mox
2209 3190 2402 3256 infra.

2494 3293 2531 3332 a

2329 3335 2368 3374 a
2657 3340 2695 3379 ι

1969 3395 2053 3452 Vt
2091 3397 2187 3458 lit.
2219 3397 2303 3455 A.
2490 3406 2497 3411 '

1760 3491 2544 3560 MAGNIFICEN'I'IAE.
2608 3499 2808 3569 AVG.
2878 3505 3063 3572 CO-S.
3126 3513 3241 3581 Vl.

1755 3591 1831 3653 P.
1865 3597 1938 3654 P.
1983 3600 2511 3666 intracoronam.
2557 3610 2695 3668 ΑΕ.
2734 3611 2812 3674 11.

1782 3730 1786 3737 ·
1884 3698 2090 3761 Deest
2123 3699 2232 3763 hic
2264 3725 2501 3767 numus
2534 3707 2601 3768 in
2622 3709 3090 3787 Mediobarbo‚
3139 3733 3247 3776 ex-

1758 3809 1883 3859 stat
1914 3800 2085 3881 apud
2108 3803 2570 3885 Vaillantium‚
2619 3811 2735 3875 sed
2782 3813 2927 3888 ubi,
2973 3815 3112 3876 fors
3151 3830 3243 3896 ty·

1756 3900 2066 3982 pothetac
2102 3922 2370 3979 errore,
2433 3908 2680 3992 legitur
2707 3914 2896 3978 COS.
2933 3917 3043 3979 111.
3085 3917 3243 3981 Vni-

1758 4020 1904 4063 cum
1958 4001 2133 4064 istud
2179 4019 2280 4066 est
2321 4012 2836 4092 Maqnificente‘ae
2885 4018 3098 4078 numia
3147 4020 3240 4080 in·

1754 4104 2035 4186 scriptae
2094 4109 2507 4191 exemplum,
2579 4134 2769 4196 quam
2832 4117 3234 4204 epigraphen

1747 4207 1815 4268 in
1846 4205 2112 4270 homine
2150 4210 2500 4274 vanissimo
2537 4216 2804 4296 quaevis
2835 4238 3027 4284 causa
3062 4243 3222 4307 quo·

1751 4308 2205 4394 modocunque
2232 4310 2455 4395 inepta
2488 4312 2737 4407 dictare
2769 4321 3002 4402 potuit.

2471 4414 2510 4453 ³}

2040 4521 2123 4579 Vt
2164 4516 2259 4577 lit.
2280 4457 2354 4580 ὅ.
2393 4523 2617 4598 Capita
2631 4461 3028 4606 Ξαοίηραία,
3062 4531 3234 4592 Com-

1047 4654 3222 4701 ———-—--——-—...-....—-....,‚-,

269 4717 324 4787 a>
361 4715 521 4797 εμπ.
548 4742 608 4798 p.
641 4717 728 4780 86-
874 4716 948 4793 12)
985 4722 1180 4788 1..1x.
1223 4728 1440 4803 1261?-

211 5784 326 5835 Α

1590 4733 1652 4804 c)
1689 4729 2005 4790 Herodian.
2046 4732 2110 4789 1..
2148 4731 2194 4791 I.
2234 4752 2281 4790 c.
2317 4747 2400 4795 ιο.
