4652 5937
1242 520 1370 584 80·

1245 683 1341 749 sic
1397 697 1652 756 tamen,
1716 690 1788 740 ut
1838 675 2076 740 faciem
2118 675 2507 752 Faustinae,
2567 674 2736 737 etin

1244 804 1473 847 aversa
1534 795 1782 845 tectum
1843 778 2073 862 templi
2134 791 2200 841 et
2260 799 2438 839 aram
2504 775 2736 840 vestiat

1242 886 1509 948 lamella
1561 896 1869 966 argentea
1920 897 2059 943 arte
2104 893 2235 942 tam
2285 877 2603 954 mirabili,
2662 890 2736 941 ut

1242 970 1411 1051 nihil
1435 965 1796 1071 perfectius
1820 984 1885 1044 in
1916 981 2044 1044 hoc
2076 1000 2320 1064 genere
2359 978 2571 1042 videri
2591 998 2737 1061 pos·-

1245 1091 1352 1156 sit.
1429 1089 1583 1151 Fuit
1632 1086 1790 1148 olim
1824 1085 1898 1163 ‚in
1929 1103 2172 1145 ¹museo
2220 1081 2503 1164 Collegii
2552 1077 2731 1143 acad.

1245 1191 1312 1253 S.
1342 1191 1431 1267 1.‚
1480 1203 1547 1252 et
1581 1187 1735 1250 inde
1762 1188 1828 1249 in
1867 1205 2095 1269 gazam
2127 1186 2510 1247 Caesaream
2531 1197 2738 1244 trans·

1242 1294 1467 1355 latum.
1562 1292 1874 1352 Ceterum
1923 1287 2127 1370 nolim
2194 1285 2541 1358 adserere,
2605 1304 2737 1344 non

1244 1407 1502 1456 exstare
1537 1392 1885 1453 Faustinae
1918 1409 2185 1448 numum
2207 1385 2558 1469 genuinum
2585 1404 2737 1446 cum

1242 1495 1369 1558 hoc
1427 1508 1624 1576 typo,
1669 1514 1817 1554 nam
1864 1488 2178 1551 habemus
2223 1485 2506 1572 similem
2554 1482 2733 1544 dem-

1241 1611 1355 1681 pto
1405 1597 1472 1658 S.
1527 1596 1597 1657 C.
1659 1607 1726 1655 et
1773 1591 2064 1654 adstante
2103 1607 2302 1670 parva
2357 1585 2602 1670 figura,
2666 1583 2732 1643 in

1242 1697 1456 1759 numis
1514 1694 1772 1757 coaevis
1836 1690 2132 1753 Lucillae
2189 1687 2509 1749 maximae
2573 1686 2729 1748 item

1246 1798 1530 1870 formae,
1596 1792 2115 1878 quos‘dabimus
2173 1790 2324 1850 loco
2371 1809 2510 1862 suo.
2591 1790 2734 1848 Mo-

1243 1916 1404 1959 nere
1455 1911 1670 1958 tamen
1721 1893 1970 1954 tirones
2024 1891 2149 1953 hoc
2197 1891 2348 1954 loco
2399 1889 2619 1964 volui,
2666 1903 2741 1951 ut

1241 2011 1515 2082 propter
1552 2016 1775 2060 causas
1826 2004 2217 2054 memoratas
2272 1990 2343 2051 in
2376 1988 2739 2073 adproban-

1248 2100 1347 2161 ‹lis
1382 2099 1462 2160 iis
1503 2095 1871 2162 cautionem
1905 2093 2272 2157 adhibeant.

1968 2195 2007 2232 ³*
2130 2236 2173 2277 e

1802 2240 1841 2278 fi

1530 2305 1615 2362 Vt
1657 2304 1754 2362 lit.
1787 2303 1864 2362 Β.
2604 2285 2632 2320 “’

1252 2405 1317 2465 S.
1349 2403 1424 2468 P.
1453 2400 1536 2496 Q.
1569 2405 1651 2462 R.
1729 2405 2103 2479 carpentum
2146 2418 2190 2456 a
2250 2397 2501 2458 duabus
2550 2398 2740 2457 mulis

1243 2483 1538 2584 tractum.
1582 2503 1720 2564 AE.
1757 2502 1808 2562 1.
1855 2501 2054 2579 (Mus.
2092 2495 2310 2576 Caes.)

1378 2605 1712 2668 Involasse
1762 2600 2133 2662 Faustinam
2182 2600 2245 2659 in
2299 2597 2595 2680 carpenti
2628 2596 2744 2657 ho-

1242 2725 1476 2769 norem
1540 2703 1843 2786 exemplo
1900 2701 2326 2778 Messalinae,
2388 2713 2455 2761 et
2507 2698 2741 2783 Agrip-

1247 2809 1439 2891 pinae
1503 2799 1779 2868 uxorum
1844 2803 2134 2879 Claudii,
2203 2822 2284 2864 ex
2345 2803 2475 2864 hoc
2538 2818 2738 2861 numo

1253 2908 1584 2972 discimus.

1971 3004 2009 3043 ὑ

2128 3049 2173 3105 J}

1806 3048 1845 3087 ᾖ

1543 3112 1628 3168 Vt
1666 3110 1761 3170 lit.
1799 3114 1880 3168 Al.

1247 3210 1611 3276 VENERI.
1645 3206 2052 3274 VICTRICI.
2092 3207 2158 3270 S.
2195 3207 2265 3269 C.
2319 3211 2530 3268 Venus
2558 3206 2742 3265 semi-

1248 3314 1424 3372 nuda
1439 3320 1617 3372 stans
1633 3312 1920 3372 adstanti
1932 3314 2134 3377 Marti
2145 3310 2577 3371 adblands‘tnr.
2600 3304 2735 3365 AE.

1248 3413 1331 3474 11.
1397 3414 1572 3473 Idem
1603 3422 1825 3493 typus,
1873 3417 1987 3474 sed
2010 3415 2150 3473 sine
2174 3412 2536 3491 epiyraplaee.
2597 3404 2738 3467 AE.

1243 3523 1419 3576 max.
1455 3511 1626 3572 mod.
1674 3518 1877 3591 (Mus.
1909 3513 2178 3573 Parnes,
2217 3524 2283 3571 et
2323 3505 2615 3585 Caesar.)

1380 3614 1687 3674 Furtivus
1754 3613 2021 3688 Martis,
2077 3610 2492 3691 Venerisque
2536 3630 2741 3678 amor,

1255 3732 1447 3796 quem
1496 3712 1774 3776 Ovidius
1819 3723 1949 3775 toto
2013 3716 2415 3774 notissimam
2445 3713 2745 3790 fabulam

1253 3819 1427 3878 coelo
1478 3813 1765 3897 appellat
1795 3814 1889 3892 ¹),
1954 3833 2148 3897 saepe
2187 3813 2253 3874 in
2289 3825 2586 3875 veterum
2647 3834 2745 3875 ar-

1252 3914 1548 3991 tefactis,
1609 3928 1675 3976 et
1716 3915 1920 3977 multa
1966 3935 2114 3978 cum
2169 3912 2485 3976 varietate
2516 3932 2749 3977 occur·

1254 4018 1363 4080 rit.
1421 4016 1675 4080 Eodem
1725 4015 1959 4092 modo,
2005 4030 2077 4080 ut
2111 4015 2177 4077 in
2211 4034 2410 4078 numo
2441 4035 2747 4098 praesen·

1127 4150 1146 4165 κ
1256 4132 1321 4181 te
1348 4160 1374 4194 ,f
1427 4117 1820 4202 proponitur
1865 4138 2059 4199 saepe
2109 4118 2178 4177 in
2227 4116 2430 4200 signis
2462 4136 2742 4178 marmo-

1257 4218 1428 4292 reis,
1474 4231 1541 4280 et
1591 4218 1866 4281 annulis.
1951 4218 2207 4292 Fuere,
2256 4218 2368 4301 qui
2416 4217 2518 4278 his
2563 4216 2742 4278 exhi·

1258 4318 1404 4380 beri
1448 4332 1708 4401 turpem
1757 4320 2105 4381 Faustinae
2175 4338 2323 4381 cum
2380 4317 2740 4401 gladiatore

1264 4419 1800 4481 consuetudinem
1834 4433 2200 4495 censerent,
2240 4418 2490 4482 inducti
2516 4418 2755 4493 credo,

1379 4684 1438 4748 a)
1478 4680 1710 4737 Metam.
1753 4676 1859 4738 lv.
1894 4689 2017 4751 189.

1267 4776 1324 4844 e)
1359 4769 1568 4827 Iulian.
1608 4768 1667 4825 in
1707 4770 1900 4828 caess·

2229 4677 2299 4754 b)
2337 4678 2398 4737 u
2437 4678 2646 4737 Lxx1.
2688 4684 2718 4752 ς
2756 4691 2845 4744 so.

2285 488 2905 578 FAVSTINA
3004 493 3459 569 IVNIOR.

2850 676 3024 762 quod
3072 675 3247 740 hunc
3286 676 3495 760 ipsum
3533 690 3755 762 typum
3798 677 3862 739 in
3898 678 4107 761 hujus
4155 665 4369 758 Augu-

2852 791 2987 841 stae
3009 791 3270 840 moneta
3304 778 3625 842 viderent.
3677 782 3824 841 Non
3847 781 4041 854 lubet
4077 781 4367 863 ineptam

2850 881 3051 954 hanc,
3098 893 3164 942 et
3192 880 3321 962 jam
3357 901 3532 946 nunc
3566 881 3811 943 nemini
3856 881 4201 947 creditam
4234 883 4369 965 opi·

2848 982 3115 1048 nionem
3152 981 3493 1048 refellere.

3141 1186 3411 1248 DIVA
3491 1191 4092 1254 PAVSTINA.

2979 1389 3268 1450 Auctore
3312 1390 3531 1453 Dione
3566 1387 3631 1470 b)
3676 1389 4030 1454 Faustinae
4080 1400 4372 1452 mortem

2847 1487 3279 1552 vehementer
3352 1492 3521 1552 luxit
3597 1492 3925 1555 Aurelius.
4020 1492 4370 1576 Aponius,

2851 1610 3016 1672 quae
3070 1590 3758 1660 ati-consecrationem
3805 1593 4194 1678 pertinent,
4260 1593 4372 1654 Ca·

2847 1691 3160 1774 pitolinus
3195 1695 3286 1773 c):
3338 1700 3614 1771 petiita
3651 1707 3913 1769 senatu,
3959 1706 4035 1759 ut
4080 1699 4373 1757 honores

2848 1796 3199 1860 Faustinae
3218 1839 3234 1870 ‚
3272 1802 3616 1880 aedemque
3650 1802 4015 1859 decentet-et
4028 1841 4044 1868 ,
4081 1795 4368 1858 laudata

2855 1899 3092 1969 eadem,
3129 1916 3270 1959 cum
3290 1909 3505 1960 tamen
3539 1901 3981 1976 immaicftiae
4000 1901 4212 1977 fama
4227 1918 4373 1976 yra-

2855 2000 3018 2057 viter
3038 2000 3412 2072 laborasset,
3456 2020 3623 2080 qnae
3637 2003 4003 2062 Antoninus
4019 2001 4141 2059 vel
4167 2000 4374 2058 mesci-

2853 2100 2979 2172 vil,
3025 2101 3130 2160 vel
3151 2104 3604 2162 dissimulavit.
3650 2104 3874 2162 Novas
3897 2103 4170 2177 puellas
4203 2100 4371 2158 Fau-

2855 2201 3181 2259 stim‘anas
3196 2203 3483 2261 institnit
3509 2204 3578 2260 in
3614 2203 3913 2266 honorem
3947 2203 4192 2261 uxoris
4210 2218 4370 2259 mor·

2856 2309 3025 2361 tuae.
3086 2303 3323 2360 Dicam
3378 2303 3574 2361 etiam
3631 2304 4010 2363 Faustinam
4051 2323 4096 2360 a
4135 2308 4367 2361 senatu

2855 2403 3247 2479 appellatam*
3258 2405 3631 2480 yratnlatus
3651 2413 3763 2463 est.
3806 2434 3833 2447 -
3846 2435 3873 2448 -
3887 2435 3914 2448 -
3956 2405 4145 2462 Fecit
4182 2411 4252 2463 et
4266 2418 4363 2459 eo·

2858 2504 3100 2561 lom‘am
3119 2504 3328 2563 vicum
3343 2546 3360 2576 ‚
3377 2506 3446 2563 in
3467 2524 3592 2585 quo
3625 2506 3791 2564 obiit
3819 2506 4143 2564 Faustina
4164 2502 4363 2581 (Fau-

2858 2600 3202 2684 stinopolis
3232 2603 3564 2664 nonnullis
3595 2603 3920 2675 ereditur,
3965 2625 4165 2686 quam
4214 2621 4362 2686 pro·

2857 2700 3018 2763 dunt
3063 2701 3394 2765 itineraria
3456 2704 3715 2766 dictum·
3755 2704 3958 2785 vulgo
4014 2702 4358 2772 Antonini,

2852 2802 3543 2883 Hierosolymitanum,
3578 2818 3645 2866 et
3673 2804 4043 2879 Hierocles,
4095 2821 4166 2869 et
4190 2811 4353 2885 Tya-

2854 2902 2962 2963 nis-
3026 2903 3472 2988 Cappadociae
3532 2901 3936 2983 admovent.)
3993 2920 4060 2970 et
4123 2913 4359 2990 aedem

2854 3008 2959 3065 ille·
2988 3009 3340 3081 eaestrnaeit‚
3372 3066 3379 3069 ,
3404 3011 3522 3068 sed
3547 3010 3701 3068 ltaec
3728 3019 3956 3087 postea
3997 3016 4197 3072 aedes
4231 3014 4351 3071 He·

2856 3106 3183 3185 lioqabalo
3226 3111 3524 3169 dedicata
3567 3120 3679 3170 est.
3723 3112 3824 3171 De
3862 3109 3984 3172 hac
4021 3110 4189 3172 aede
4208 3107 4355 3173 vide

2854 3207 3044 3289 plura
3087 3207 3153 3269 in
3200 3207 3531 3271 Caracalla
3585 3209 3910 3291 Spartiani
3960 3209 4082 3272 sub
4133 3209 4353 3272 finem·

2856 3306 3039 3368 Alios
3067 3306 3354 3370 honores
3391 3309 3625 3372 recitat
3661 3310 3791 3373 Dio
3825 3307 3888 3390 d)
3913 3356 3929 3385 ‚
3974 3331 4219 3395 nempe
4242 3311 4348 3373 ‹le-

2859 3422 3071 3470 cretas
3107 3430 3139 3469 a
3178 3422 3404 3469 senatu
3436 3422 3675 3472 statuas
3709 3425 4056 3494 argenteas
4085 3414 4153 3472 in
4192 3428 4353 3476 tcm-

2858 3511 2969 3590 plo
3012 3510 3295 3575 Veneris
3334 3525 3400 3572 et
3442 3514 3731 3587 Romae,
3779 3534 3990 3589 aram,
4037 3512 4119 3574 ad
4162 3533 4352 3598 quam

2861 3610 3147 3693 virgines
3180 3630 3440 3685 omnes,
3489 3632 3654 3695 quae
3694 3612 4020 3675 nuberent
4054 3615 4143 3676 in.
4167 3614 4351 3685 urhe,

2863 3732 2986 3773 una
3032 3732 3181 3774 cum
3225 3714 3479 3795 sponsis
3525 3710 3969 3778 sacrificarent
4010 3730 4140 3779 etc.
4194 3698 4354 3790 ‘Ad-⁶

2861 3812 2977 3889 de,
3022 3813 3202 3897 quod
3250 3833 3339 3875 ex
3385 3813 3525 3894 ejus
3570 3835 3919 3881 numerum
3967 3819 4158 3902 copia
4200 3818 4353 3882 faci·

2860 3915 2925 4002 le
3011 3902 3390 4005 probatur,
3434 3934 3809 3997 percussam
3872 3939 3995 3999 per
4056 3921 4351 4005 reliquos

2863 4014 3058 4076 etiam
3086 4015 3341 4076 Aurelii
3370 4036 3573 4077 annos
3620 4015 3806 4080 divae
3849 4017 4200 4085 Faustinae
4234 4044 4350 4087 no·

2859 4114 3032 4177 mine
3067 4130 3417 4179 monetam.
3490 4121 3652 4179 Tam
3687 4117 4105 4186 immoderati
4149 4122 4351 4186 hono·

2858 4235 2965 4276 res
3011 4216 3077 4277 in
3140 4217 3488 4280 mulierem
3551 4217 4007 4284 immerentem
4055 4223 4349 4308 congesti

2858 4316 3051 4380 facile
3102 4332 3405 4402 poterant
3456 4317 3663 4381 dicaci
3699 4319 3929 4385 Sileno
3970 4343 4242 4387 movere
4288 4336 4351 4387 et

2859 4419 3288 4497 stomachum,
3328 4421 3611 4483 etrisum
3644 4426 3723 4504 ο).
3771 4426 4162 4508 Elegantem
4198 4429 4352 4491 ima·

3051 4682 3114 4753 c)
3151 4680 3214 4738 in
3254 4679 3453 4739 Aurel.
3495 4699 3545 4740 c.
3584 4685 3678 4746 26.
3898 4683 3967 4756 d)
3999 4683 4044 4744 l·
4074 4705 4123 4743 c.
4174 4691 4224 4760 ξ.
4259 4699 4352 4754 31·
