4652 5937
1233 458 1377 529 174

1234 625 1451 710 Atque
1503 621 1676 686 istud
1719 620 1952 684 Severi
1987 617 2353 681 institutum
2398 618 2532 699 jam·
2568 616 2727 701 ipsis

1232 725 1572 790 veteribus
1595 768 1612 799 ,
1655 738 1727 784 ut
1747 722 2037 805 oportuit
2059 765 2076 794 ,
2119 719 2473 783 ridiculum
2498 720 2725 794 visum,
2753 772 2758 777 .

1236 840 1303 888 et
1357 823 1568 887 refert
1597 824 1727 886 Dio
1758 821 2182 884 salsissimum
2213 822 2484 905 Aspaeis
2514 819 2727 901 cujus-

1234 925 1715 999 dam‚hominis
1759 924 2232 986 mordacissimi
2275 923 2559 998 dictum,
2619 942 2728 986 cu·

1232 1027 1339 1110 jus
1382 1027 1582 1089 multa
1635 1039 1765 1088 tum
1818 1027 1987 1088 salse
2039 1047 2112 1088 ae
2161 1023 2411 1088 urbane
2475 1001 2730 1108 prolata

1239 1129 1503 1214 cognita
1549 1126 1774 1202 fuere,
1822 1127 2118 1209 quicum
2162 1126 2482 1188 Severum
2519 1126 2731 1188 Marci

1231 1231 1524 1294 familiae
1598 1230 1994 1312 adscriptum
2044 1225 2341 1300 audiret,
2418 1225 2513 1287 sic
2576 1217 2727 1288 eum

1235 1332 1694 1417 compellavit:
1735 1331 2198 1412 qratulortibi‚
2248 1331 2520 1403 Caesar,
2561 1331 2736 1410 quod

1225 1446 1478 1516 patrem
1523 1436 1847 1513 reperisti,
1924 1428 2178 1492 scilicet
2244 1443 2550 1511 tanquam
2622 1449 2733 1510 pa·

1232 1548 1407 1596 trem
1451 1548 1599 1595 ante
1635 1556 1765 1596 non
1798 1531 2132 1596 habuisset
2177 1544 2306 1591 tam
2345 1529 2626 1591 obscuro
2664 1541 2730 1590 et

1236 1634 1529 1697 occulto·
1557 1654 1802 1717 genere
1855 1647 2042 1694 natus
2077 1631 2158 1712 ⁸).
2225 1634 2312 1693 At
2359 1629 2533 1691 enim
2579 1649 2733 1692 con-

1237 1736 1457 1797 silium
1502 1735 1677 1797 istud
1719 1754 2123 1817 nequaquam
2182 1731 2251 1792 iu
2298 1732 2550 1794 Severo
2601 1744 2732 1792 stu-

1233 1837 1455 1920 poris,
1536 1849 1644 1914 aut
1715 1833 2000 1896 insaniae
2060 1845 2519 1918 argumentum
2582 1831 2731 1905 fuit,

1239 1957 1405 2022 quae
1439 1936 1517 1998 ab
1551 1936 1669 1998 illo
1713 1920 2264 2018 longe‘abfuere,
2312 1933 2429 1995 sed
2468 1954 2592 2017 qua
2638 1933 2735 1992 in-

1241 2050 1467 2105 coctus
1508 2036 1669 2113 fuit,
1715 2035 2125 2112 calliditatis,
2173 2050 2240 2098 et
2281 2035 2575 2101 astutiae.
2619 2036 2733 2095 Et-

1241 2139 1416 2200 enim
1459 2153 1586 2200 tam
1624 2139 1946 2200 illustrem
1986 2138 2349 2221 prosapiam
2386 2136 2735 2200 ementitus

1237 2240 1449 2301 multo
1491 2248 1560 2301 se
1596 2239 1802 2323 magis
1834 2239 2190 2321 gratiosum
2227 2238 2398 2321 apud
2434 2239 2733 2312 militem,

1239 2341 1608 2424 rudemque
1662 2340 1976 2423 populum
2016 2338 2273 2413 effecit,
2339 2353 2530 2422 atque
2580 2337 2733 2399 hine

1242 2440 1352 2523 jus
1406 2441 1529 2503 sibi
1591 2453 1849 2515 natum,
1933 2459 2063 2524 quo
2121 2460 2363 2502 nomen
2416 2442 2735 2503 Antonini

1240 2542 1604 2605 transferre
1637 2541 1702 2602 in
1736 2539 1943 2603 filium
1971 2542 2353 2606 Bassianum
2378 2586 2395 2618 ,
2453 2560 2734 2624 eumque

1241 2643 1663 2707 Antoniniani
1711 2643 1992 2706 nominis
2035 2643 2340 2719 obtentu,
2387 2642 2564 2727 quod
2596 2657 2736 2704 tum

1244 2745 1537 2810 divinum
1583 2744 1966 2820 videbatur,
2034 2745 2481 2809 venerabilem
2532 2741 2738 2806 omni-

1237 2845 1364 2915 bus
1416 2859 1641 2930 posset
1700 2847 2123 2909 constituere.
2204 2846 2291 2907 At
2340 2845 2576 2906 falsum
2627 2840 2739 2905 ad-

1250 2947 1488 3011 struxit
1540 2947 1843 3010 Severus.
1943 2948 2144 3022 Esto,
2210 2960 2273 3010 at
2317 2946 2573 3012 nullum
2634 2943 2739 3006 illi

1243 3050 1468 3122 nefas,
1514 3046 1711 3108 mod-o
1739 3048 2078 3131 proposito
2116 3047 2417 3111 serviret.
2467 3048 2552 3109 At
2584 3066 2738 3109 con-

1248 3150 1458 3213 stabat
1490 3147 1572 3211 de
1608 3147 1874 3226 fraude,
1921 3165 1989 3213 et
2021 3149 2384 3213 mendacio.
2431 3147 2737 3210 Constitit

1245 3270 1403 3314 saue
1452 3250 1680 3335 peritis
1725 3272 1984 3328 rerum,
2031 3252 2149 3315 sed
2197 3250 2611 3326 imbellibus,
2669 3263 2737 3312 et

1247 3354 1592 3437 occupavit
1636 3354 2015 3438 superstitio
2051 3352 2300 3418 animos
2333 3352 2558 3416 militis
2592 3353 2737 3416 bar-

1241 3454 1421 3532 bari,
1484 3469 1550 3518 et
1600 3456 1822 3540 vulgi,
1880 3477 2043 3539 quos
2099 3456 2155 3518 si
2212 3455 2336 3518 tibi
2394 3446 2734 3519 de'vinctos

1244 3557 1523 3631 habeas,
1599 3557 1952 3633 nobilium,
2010 3557 2509 3639 peritorumque
2556 3553 2736 3617 fasti·

1245 3658 1352 3721 dia
1397 3658 1594 3722 facile
1652 3658 2146 3740 oontempseris.
2233 3657 2531 3719 Similem
2588 3675 2745 3719 cau--

1246 3780 1381 3821 sam
1432 3760 1801 3842 praetexuit
1846 3759 2224 3838 Alexander
2280 3762 2407 3834 M„
2468 3777 2618 3820 cum
2663 3775 2735 3818 se

1247 3860 1588 3931 Ammonis
1651 3858 1859 3921 filium
1917 3859 2048 3922 dici
2118 3860 2349 3924 voluit.
2437 3864 2734 3936 Vtu'nam,

1250 3962 1463 4046 ajebat
1492 3959 1595 4042 b),
1671 3963 1824 4023 Indi
1892 3983 2160 4045 quoque.
2192 3967 2379 4028 deum
2446 3982 2584 4024 esse
2642 3980 2741 4023 me

1250 4069 1516 4135 credaut
1530 4065 1561 4128 .'
1608 4067 1811 4125 Fama
1851 4067 2022 4134 enim
2067 4067 2233 4127 bella
2289 4074 2585 4127 constant
2604 4105 2621 4138 ,
2665 4073 2745 4124 ‘et

1250 4185 1439 4244 saepe
1507 4167 1732 4239 etiam,
1797 4170 1972 4247 quod
2020 4167 2199 4245 falso
2261 4168 2570 4228 creditum
2623 4174 2739 4240 est,

1248 4271 1386 4331 vert·
1431 4272 1630 4329 vicem
1680 4269 1972 4329 obtinuit.
2031 4266 2286 4328 Eodem
2324 4266 2380 4328 is
2434 4286 2505 4329 se
2541 4265 2738 4327 modo

1256 4384 1520 4433 excusat
1551 4366 1725 4451 apud
1742 4368 2102 4436 Lucianum
2136 4367 2216 4449 0).
2257 4367 2598 4437 Vetustius
2630 4387 2741 4430 ex-

1328 4618 1392 4688 a)
1432 4614 1497 4671 L.
1536 4612 1801 4671 LXXVI.
1841 4625 1896 4686 9.

1252 4712 1313 4780 e)
1354 4704 1502 4772 Die,
1541 4701 1877 4771 Herodian,
1919 4703 2217 4782 spartian.

2044 4613 2114 4688 b)
2153 4615 2316 4674 Curt.
2356 4615 2419 4671 L.
2459 4613 2619 4675 Vm.
2660 4633 2709 4673 c.
2735 4623 2797 4678 8.
2867 4611 2873 4624 ¹

2013 439 2099 510 L.
2213 372 2864 510 SEPT1M1⁸VS
2968 435 3533 512 SEVERVS.

2847 619 3132 700 emplum
3162 620 3433 704 appetiti
3473 618 4141 704 generisnobilioris
4174 619 4323 684 dedit

2842 723 3064 794 Nero,
3129 722 3277 806 qui,
3338 743 3486 784 cum
3543 735 3719 784 esset
3775 720 4020 807 gentis
4078 740 4198 805 per
4243 721 4328 783 ad·

2841 821 3192 903 optionem.
3230 822 3571 898 Claudiae,
3635 822 3874 885 maluit
3932 842 4094 883 esse
4141 843 4329 885 suren-

2839 919 2943 982 lus
2997 922 3210 1013 gentis
3246 926 3637 998 Caesareae,
3701 923 3787 985 de
3852 942 4008 1008 quo
4059 922 4216 984 olim
4249 944 4337 985 co·

2844 1023 3093 1106 piosius
3137 1044 3407 1108 agemus
3442 1025 3592 1094 Vol.
3621 1026 3799 1092 VIII.
3841 1025 3929 1086 iu
3984 1021 4339 1088 observatis

2848 1125 3287 1209 generalibuS.

3133 1333 3377 1390 Eadem
3412 1268 3710 1390 adversa.

2844 1429 2919 1491 P.
2949 1433 3041 1493 M.
3080 1433 3220 1492 TR.
3269 1431 3344 1490 P.
3380 1431 3493 1490 111.
3530 1430 3719 1493 Cos.
3760 1434 3838 1495 11.
3888 1432 3980 1493 P.
4040 1431 4125 1493 P.
4174 1436 4345 1493 variis

2847 1535 3038 1612 typis.
3084 1530 3225 1594 AR.
3259 1532 3403 1594 ΑΕ.
3445 1533 3494 1593 1.
3533 1533 3612 1591 11.
3660 1534 3859 1612 (Mus.
3892 1534 4142 1613 Gaea.)

3216 1737 3290 1797 V.
3331 1737 3396 1798 C.
3428 1741 3574 1800 949.
3609 1737 3675 1795 P.
3708 1737 3791 1797 X.
3847 1742 4004 1800 196.

2856 1839 2979 1898 Ta.
3054 1835 3126 1895 Ρ.
3186 1838 3303 1898 IV.
3390 1837 3566 1897 COS.
3637 1838 3726 1896 II.
3782 1836 3873 1898 P.
3958 1839 4064 1898 M.
4143 1837 4215 1900 Ρ.
4282 1839 4341 1897 Ρ.

2957 1993 2967 2000 ,
3418 1939 3598 2000 ΙΜΡ.
3652 1938 3794 1997 VII.

2854 2041 2915 2099 C.
2944 2035 3235 2102 ‘Domitio
3286 2039 3561 2098 Dextera
3596 2037 3689 2097 II.
3736 2040 3808 2099 1..
3857 2040 4017 2101 Val.
4079 2039 4343 2102 Messala

3408 2140 3631 2200 Prisco
3666 2157 3795 2202 cos.
3905 2122 3919 2126 ’

2977 2343 3362 2422 Byzantium
3396 2354 3546 2425 post
3577 2328 4047 2403 difficillimam
4094 2340 4336 2404 triennii

2851 2441 3261 2505 obsidionem
3303 2441 3384 2506 ad
3442 2440 3844 2504 deditionem
3880 2444 4177 2526 cogitur.
4241 2442 4340 2503 Se·

2854 2564 3047 2604 verus
3114 2544 3344 2610 urbem
3401 2541 3745 2604 moenibus
3797 2562 3873 2605 ac
3944 2539 4332 2605 ornamentis

2851 2645 3164 2727 privatam
3227 2641 3584 2707 Perinthiis
3649 2641 3914 2723 subjicit
3943 2640 4038 2723 d).
4097 2639 4330 2704 >Albini

2852 2746 2985 2810 vita
3033 2744 3358 2809 ineassum
3392 2766 3516 2828 per
3554 2746 3822 2811 insidias
3852 2758 4175 2812 attentata
4209 2745 4329 2804 Me·

2853 2830 3277 2929 sonotamiam
3343 2846 3656 2930 relinquit
3715 2863 3947 2932 aperto
4014 2844 4328 2910 aemulum

2851 2946 3033 3011 bello
3075 2968 3526 3033 aggressurus.
3584 2948 3934 3021 Viminacii
3962 2946 4329 3012 Bassianum

2850 3050 3058 3113 filium
3098 3054 3430 3113 Caesarem
3460 3053 3749 3135 appellat
3780 3053 3989 3114 indito
4030 3045 4330 3113 Antoniani

2851 3152 3138 3217 nomine.
3194 3155 3446 3214 Romae
3482 3151 3790 3215 Albinum
3838 3154 4099 3216 hostem
4161 3150 4225 3211 S.
4262 3144 4322 3207 C·

2848 3251 3127 3333 judicat,
3188 3251 3257 3314 in
3304 3255 3582 3317 Galliam
3622 3252 3909 3339 denique
3959 3254 4044 3318 ad
4098 3250 4320 3315 bellum

2848 3354 2981 3417 exit
3018 3354 3098 3437 0).

3168 3458 3246 3521 1..
3335 3457 3828 3525 SEPTIMIVS.
3873 3449 3886 3464 ⁸
3921 3445 4317 3522 SEVERVS.

3176 3558 3653 3621 PERTINAX.
3716 3558 3919 3626 AVG.
3977 3559 4156 3619 IMP.
4202 3550 4320 3616 Vll.

3089 3729 3096 3734 ,
3180 3664 3385 3740 Caput
3416 3665 3805 3724 laureatum.

2850 3760 3056 3828 DIVI.
3117 3762 3208 3822 M.
3264 3763 3403 3827 PII.
3458 3762 3538 3823 F.
3600 3764 3673 3825 P.
3734 3764 3823 3823 M.
3883 3761 4023 3826 ΤΒ.
4083 3760 4163 3823 P.
4200 3752 4318 3816 1111.

2854 3861 3046 3925 COS.
3082 3865 3164 3926 11.
3195 3865 3269 3925 Ρ.
3306 3866 3379 3924 Ρ.
3427 3868 3606 3927 Mars
3640 3866 4008 3925 seminudus
4046 3864 4318 3943 yaleam

2853 3976 3035 4026 stans
3066 3968 3129 4028 d.
3155 3959 3407 4027 hastam
3426 4009 3443 4039 ,
3486 3985 3539 4025 s.
3566 3966 3852 4043 clypeum
3871 4007 3888 4039 ,
3924 3984 4046 4042 pro
4070 3961 4319 4041 pedibus

2856 4069 3128 4145 thoraoe5
3173 4070 3243 4128 iu
3263 4069 3421 4133 aliis
3445 4070 3570 4129 alii
3602 4069 3756 4147 typi.
3797 4068 3937 4128 ΑΕ.
3966 4085 4139 4127 max.
4169 4052 4315 4122 mod·

2855 4171 3053 4242 (Mus.
3091 4165 3275 4234 Caes.
3309 4171 3479 4250 Reg.
3514 4167 3783 4230 Galliar.
3831 4167 3962 4229 tab.
4020 4166 4112 4228 18.
4147 4156 4312 4232 vaill-

2856 4274 3046 4333 Tom.
3086 4268 3197 4328 111.
3234 4289 3297 4350 p.
3336 4266 3439 4331 63.
3483 4271 3654 4330 Mus.
3692 4267 3983 4346 Albani.)

2963 4368 3383 4455 Epigraphen
3402 4374 3669 4434 aversae
3684 4389 3837 4432 mox
3854 4367 4317 4454 explicavimus·

2946 4617 3006 4687 e>
3048 4610 3276 4687 Dialog.
3319 4623 3487 4672 mort.
3522 4618 3607 4673 14.
3760 4608 3827 4684 d)
3865 4609 3998 4670 Dio.
4028 4606 4318 4669 Herodian.

4494 634 4515 1052 -;—-=n=.fl-=——Ass··'²*”=
4495 608 4496 611 Α
4493 559 4495 584 '⁴
