4652 5937
144 4460 155 4467 “
262 4469 267 4475 ·
360 4474 418 4541 a)
455 4466 592 4528 vol.
629 4467 704 4527 v,
742 4491 804 4549 p,
841 4478 965 4534 ω.

1516 311 2203 390 GALLIENVS.

261 519 572 583 cuparer
624 501 713 577 ⁸),
770 518 902 560 non
953 496 1404 562 existimabam
1456 496 1640 573 fore,
1710 513 1784 561 ut

263 599 601 684 deinceps
648 597 862 662 adhuc
898 600 1039 705 eju-s
1076 599 1449 662 necessario
1481 592 1795 659 faciendi

3253 335 3395 417 39⁶2
3455 358 3464 365 ·

1899 496 2144 574 tatione
2200 498 2536 574 restituit,
2604 502 2825 564 lanum
2859 501 2953 584 ,in
3016 501 3145 567 hoc
3181 520 3392 584 numo

1898 612 2178 681 quatuor
2218 602 2485 663 omnino
2537 603 2857 686 capitibus
2908 619 3246 676 oneratum
3287 605 3395 666 ad·

265 701 766 764 easetmentio.
852 701 1123 783 Ajebam
1175 715 1348 771 tum,
1398 700 1536 762 Iani
1586 700 1787 762 aimu-
1893 698 2222 784 firmavit,
2302 702 2482 764 belle
2546 723 2695 765 cum
2755 704 2913 767 visis
2976 706 3396 788 conspirante

216 786 231 796 ’
259 801 534 867 lacrum
569 824 700 865 nou
737 802 932 865 aliter
974 826 1012 867 a
1056 802 1391 866 veteribus
1420 802 1567 862 misi
1602 818 1784 864 utro-

264 922 417 988 que
482 905 695 987 capite
767 905 1038 968 barbato
1116 901 1320 965 fuisse
1396 901 1779 985 effigiatum.

265 1006 487 1100 Quod
543 1007 599 1067 si
662 1006 768 1069 vel
845 1018 1041 1085 caput
1099 1026 1335 1080 unum,
1416 1004 1777 1067 vetetiam

263 1121 637 1192 utrumque
670 1120 847 1169 esset
878 1106 1214 1177 imber-be,
1261 1104 1437 1167 aliud
1481 1117 1616 1166 tum
1662 1127 1780 1167 nu·

263 1228 474 1283 men,
521 1222 630 1270 aut
668 1221 854 1271 certe
890 1227 1150 1269 sensum
1200 1225 1655 1291 quemcunque
1689 1205 1779 1267 al·

264 1305 654 1392 legoricum
686 1328 830 1371 esse
857 1306 1382 1394 intelligendum.
1428 1310 1610 1370 Haec
1629 1329 1776 1370 cum

271 1410 716 1493 scripseram,
763 1409 844 1471 ad
881 1430 1147 1472 numum
1196 1425 1608 1493 praesentem
1644 1409 1779 1472 ani·
1828 1485 1837 1494 ο

270 1531 467 1585 mum
500 1532 631 1573 non
685 1509 962 1585 reflexi,
1008 1511 1076 1572 in
1129 1532 1266 1594 quo,
1304 1526 1498 1593 caput
1547 1511 1781 1574 barba-

270 1625 421 1675 tum
481 1633 629 1676 cum
702 1612 984 1674 imberbi
1056 1613 1511 1698 conjungitur,
1587 1627 1772 1675 certo

267 1725 500 1776 tamen
548 1716 743 1789 Iano,
788 1714 1091 1797 quoniam
1151 1713 1510 1798 epigraphe
1546 1717 1771 1775 Ianum

268 1812 459 1879 facit.
525 1815 705 1877 Istud
744 1816 798 1877 si
837 1836 1100 1889 verum,
1145 1815 1385 1877 habent
1421 1817 1499 1900 ii,
1546 1804 1656 1900 qui
1705 1817 1771 1876 in

270 1916 384 1978 hia
450 1917 615 1982 varii
669 1917 886 1979 cultus
934 1915 1255 1999 capitibus
1311 1917 1535 1978 Ianum
1580 1937 1778 2000 agno·-

166 2101 175 2104 -
274 2031 512 2094 scunt,
557 2031 755 2103 atque
789 2019 916 2081 hoc
955 2016 1269 2099 symbolo.
1302 2009 1524 2078 lanum
1563 2032 1630 2080 et
1670 2038 1778 2079 ae·

280 2118 349 2181 vi
396 2120 738 2202 praeteriti
781 2112 1184 2193 memorem,
1253 2130 1321 2179 et
1367 2117 1577 2179 futuri
1623 2137 1776 2199 pro-

273 2218 506 2282 vidum
539 2218 895 2303 significari
927 2221 1190 2294 volunt,
1238 2217 1363 2280 etsi
1391 2219 1572 2279 nulla
1601 2218 1774 2280 istud

275 2334 583 2384 veterum
636 2322 1024 2385 auctoritate
1065 2318 1410 2396 adaerant,
1485 2320 1771 2383 validum

278 2419 352 2484 in
401 2420 774 2486 hocwnumo
822 2422 1182 2484 sententiae
1237 2433 1605 2503 patronum.
1691 2423 1777 2485 At

283 2542 449 2587 vero
503 2524 706 2586 ausim
760 2524 999 2586 iterum
1043 2521 1430 2599 adfirmare,
1473 2523 1695 2583 lanum
1738 2545 1773 2584 a

278 2624 594 2688 Romania
640 2643 906 2706 §emper
952 2645 1084 2684 non
1125 2644 1254 2684 uno
1307 2636 1592 2697 tantum,
1656 2622 1774 2688 sed

283 2740 567 2810 utroque
586 2719 798 2807 capite
818 2723 1086 2787 barbato
1115 2722 1319 2786 fuisse
1340 2725 1772 2807 propositum,

282 2843 478 2913 atque
528 2827 703 2888 istud
753 2847 886 2890 non
936 2823 1133 2888 modo
1179 2826 1586 2909 temporibus
1646 2824 1775 2887 rei-

274 2928 613 3015 publicae,
660 2925 780 2990 oed
820 2928 1266 3012 Augustorum
1314 2926 1550 3003 etiam,
1594 2924 1774 3011 quod

279 3044 507 3115 aperte
570 3028 975 3117 demonstrat
1029 3029 1220 3090 Ianus
1278 3027 1503 3091 illatus
1557 3029 1774 3090 numia

284 3131 645 3207 Hadriani,
703 3129 1016 3193 Antonini
1062 3130 1210 3203 Pii,
1268 3141 1336 3189 et
1380 3128 1772 3190 Pertinacis.

284 3223 643 3297 Enimvero
696 3230 888 3293 video
949 3229 1017 3290 in
1060 3227 1380 3310 capiendo
1430 3248 1515 3290 ex
1558 3227 1772 3290 numia

289 3336 440 3397 lano
500 3353 634 3394 non
674 3352 828 3394 raro
885 3329 966 3392 ab
1006 3327 1284 3391 eruditis
1342 3328 1523 3391 varie
1566 3325 1772 3388 fuisse

287 3448 647 3521 peccatum.
749 3423 978 3494 Edidit
1048 3427 1441 3491 Harduinus‘
1477 3427 1630 3496 Vol.
1693 3429 1772 3488 11.

289 3537 484 3615 Plinii
521 3536 710 3620 suip.
740 3534 857 3597 611
897 3552 1165 3595 numum
1183 3529 1533 3609 Hadriani,
1576 3530 1644 3590 in
1666 3549 1777 3592 cu-

288 3639 388 3724 jus
431 3654 660 3702 aversa
695 3636 860 3701 vidit
898 3639 1132 3699 Ianum
1177 3636 1551 3716 trist-omem.
1610 3630 1775 3712 Ejus

288 3742 541 3804 iconem
609 3737 793 3800 dedit
851 3737 921 3799 in
946 3734 1261 3820 'praefixa
1324 3733 1644 3799 volumini
1692 3733 1769 3793 11.

292 3840 503 3906 tabula
536 3842 620 3902 X.
652 3862 721 3901 n.
760 3860 812 3902 ι.
882 3841 958 3900 In
998 3837 1142 3922 eju·
1174 3836 1611 3922 explicatione
1643 3834 1773 3898 ait:

290 3947 400 4008 Sic
409 3944 759 4024 prudentia
781 3942 1100 4021 principie
1134 3924 1625 4015 commendatur,
1661 3942 1775 4021 qm'

290 4049 630 4121 praeterita
660 4047 905 4107 recolat
919 4084 939 4118 ,
976 4044 1351 4123 praesentia
1395 4043 1771 4115 consideret,

287 4148 507 4225 futura
545 4147 918 4225 proepict‘at.
1004 4142 1276 4217 Boaiua,
1336 4139 1450 4224 qui
1500 4161 1770 4203 numum

297 4245 568 4310 eundem
609 4246 678 4307 iu
723 4266 840 4310 sua
883 4244 966 4307 de
1002 4245 1157 4306 Iano
1199 4253 1501 4308 veterum
1533 4240 1773 4305 disser-

295 4558 413 4620 ΧΠ.
452 4579 506 4618 v.
546 4567 668 4631 198.
744 4570 752 4580 ·

1844 2208 1848 2212 4
1892 2215 2162 2276 Servius
2220 2215 2377 2277 alibi

1128 4450 1198 4544 b)
1237 4469 1316 4529 ad
1354 4471 1499 4529 Aen.
1536 4467 1669 4532 Vn.
1711 4489 1769 4527 v.
1801 4470 1927 4533 607.
1961 4481 1971 4493 “

1898 801 2174 877 Servio,
2240 803 2355 888 qui
2402 817 2623 868 narrat
2670 802 2774 890 ¹²),
2850 807 3066 890 captia
3116 805 3395 870 Faliscis

1896 900 2232 963 inventum
2256 924 2402 972 esse
2430 906 2850 968 simulacrum
2871 909 3007 976 Iani
3039 929 3183 971 cum
3215 907 3394 980 fron·

1895 1002 2068 1064 tibus
2100 1018 2382 1087 quatuor
2403 1050 2419 1081 ,
2467 1006 2651 1088 cujus
2678 1006 2893 1072 obiter
2925 1007 3221 1080 meminit
3257 1013 3395 1074 Ma-

1893 1103 2161 1165 crobius
2199 1125 2461 1188 quoque
2497 1107 2577 1186 c).
2615 1093 2724 1170 'At
2766 1109 2939 1169 enim
2963 1122 3128 1188 'sunt
3161 1109 3223 1169 in
3258 1131 3397 1173 mu·

1895 1223 2009 1288 seo
2064 1207 2390 1270 Caesareo
2431 1208 2730 1291 ‚ejusdem
2795 1209 2977 1270 numi
3033 1210 3395 1274 Hadrianei

1892 1308 2197 1389 exempla
2244 1308 2412 1382 duo,
2484 1330 2652 1393 quae
2713 1310 2934 1370 lanum
2991 1312 3252 1393 nonnisi
3295 1311 3395 1374 bi·

1892 1408 2182 1471 frontem
2244 1409 2593 1488 exhibent,
2667 1425 2736 1472 et
2802 1409 3038 1474 eodem
3115 1412 3389 1484 omnino

1892 1510 2106 1583 cultu,
2154 1529 2282 1591 quo
2320 1510 2376 1572 is
2407 1509 2681 1594 fingitur
2715 1511 2784 1572 in
2828 1533 3028 1574 numo
3069 1511 3384 1575 Antonini

1889 1609 1991 1670 Pii
2040 1609 2292 1692 primae
2332 1611 2585 1673 formae
2649 1633 2795 1674 cum
2848 1612 3208 1697 epigraphe
3243 1616 3385 1677 TR.
3439 1641 3444 1646 ·
3531 1595 3536 1606 ⁹

1888 1695 2089 1775 POT.
2136 1712 2325 1774 Cos.
2376 1715 2528 1786 111.,
2574 1734 2771 1796 quem
2819 1713 2972 1776 dedi
3023 1714 3104 1777 ad
3148 1735 3388 1777 annum

1889 1813 1966 1877 V·
1998 1814 2068 1875 C.
2115 1812 2278 1893 893,
2326 1826 2462 1875 tum
2514 1829 2580 1876 et
2623 1814 2690 1874 in
2726 1815 3059 1896 argenteis
3091 1816 3388 1879 Pertina-

1892 1911 2010 1973 cis.
2056 1913 2157 1972 Ad
2191 1911 2356 1976 haec
2389 1899 2520 1975 non
2555 1926 2775 1975 narrat
2808 1915 3112 1991 Servius,
3160 1917 3389 1978 Ianum

1891 2012 2014 2073 hac
2050 2012 2262 2075 forma
2294 2017 2547 2076 Romae
2594 2014 2799 2075 fuisse
2829 2007 3080 2077 cultum
3102 2059 3120 2092 ,
3166 2015 3282 2078 sed
3316 2017 3389 2080 in

1892 2112 2172 2174 Tusciae
2222 2113 2389 2180 urbe
2445 2115 2539 2190 sic
2580 2128 2959 2197 repertum3
3006 2117 3165 2200 quin
3206 2116 3388 2179 idem

2444 2216 2615 2279 facta
2669 2216 2804 2278 Iani
2851 2215 3156 2279 bifrontis
3206 2238 3387 2280 men·

1890 2314 2070 2376 tione
2119 2315 2335 2380 obiter
2388 2329 2633 2379 tantum
2693 2317 2909 2381 addit:
2972 2319 3242 2398 leyt‘mua
3287 2328 3387 2379 ta·

1887 2437 2029 2478 men
2046 2460 2063 2493 ,
2106 2420 2342 2479 Iduum
2371 2422 2569 2479 etiam
2592 2422 3099 2502 quadrifrontem
3128 2413 3216 2499 d),
3261 2421 3390 2482 Er·

1892 2538 1976 2599 go
2013 2518 2406 2600 permissum
2453 2518 2614 2579 mihi
2660 2533 2819 2603 puto
2857 2519 3230 2602 conjicere,
3274 2533 3390 2582 aut

1888 2618 2124 2696 fallere
2156 2619 2546 2683 iconismum
2589 2620 2974 2697 Pella-inii,
3019 2621 3132 2704 qui
3158 2622 3387 2685 lanum

1890 2737 2021 2780 uno
2076 2732 2322 2801 tantum
2383 2722 2597 2804 capite
2665 2720 3010 2784 barbatum
3052 2722 3383 2797 exbibet,
3455 2797 3458 2800 ¹

1834 2840 1841 2848 ·
1889 2819 2099 2882 altero
2157 2809 2481 2909 imberbi,
2539 2835 2650 2884 aut
2690 2822 2834 2887 «boc
2889 2842 3051 2887 aevo
3114 2822 3185 2885 in
3240 2822 3385 2907 ejus

1890 2921 1998 2985 dei
2042 2920 2270 2985 babitu
2312 2922 2561 3009 aliquid
2603 2922 2808 2988 fuisse
2852 2936 3082 2990 contra
3123 2942 3380 2991 morem

1888 3037 2186 3103 veterem
2218 3024 2654 3090 immutatum.

2554 3247 2766 3310 Iuno-⁸

2015 3426 2257 3495 IVNO.
2272 3427 2624 3529 ῌΕΕῙΝᾼ.
2639 3431 2781 3492 Dea
2797 3439 2980 3492 atam
2996 3416 3379 3511 d-pa'teram,

1888 3548 1944 3595 a,
1973 3531 2254 3605 hastam,
2291 3551 2412 3609 pro
2431 3532 2704 3610 pedibus
2731 3553 2928 3615 pavo.
2971 3532 3113 3599 AB..
3149 3536 3383 3614 (Mem.

1890 3633 2095 3697 Trev.
2130 3630 2175 3693 Ι.
2215 3632 2313 3713 c.)

2479 3856 2785 3935 Iuppiter.

2010 4036 2142 4102 Hic
2186 4055 2308 4100 rex
2345 4034 2619 4101 deorum
2658 4037 3133 4122 hominumque
3172 4035 3386 4121 potio·

1883 4158 2030 4216 rea,
2072 4151 2148 4203 ut
2182 4158 2303 4222 par
2339 4151 2512 4213 erat,
2557 4139 2628 4199 in
2669 4158 2752 4202 eo
2792 4138 2975 4202 cultu
3021 4150 3243 4223 parte·
3273 4136 3386 4202 ab·

1885 4241 2097 4307 ntulit.
2136 4239 2300 4323 Ejus
2321 4252 2669 4323 praeterea
2699 4261 2893 4304 causa
2915 4238 3383 4319 fuitlibrorum

2113 4471 2175 4541 c)
2216 4467 2454 4528 Saturu.
2492 4465 2564 4524 L-
2597 4464 2639 4523 1.
2678 4485 2729 4525 c.
2759 4480 2819 4540 9.
3007 4464 3077 4544 d)
3116 4464 3197 4525 ad
3230 4468 3381 4535 Aen..
