4652 5937
1364 328 1505 398 513
2394 299 2869 379 MAGNIA

1334 496 1640 583 jacturis
1715 490 2025 569 infirmis,
2101 488 2258 574 quin
2318 486 2473 551 huie
2549 488 2855 571 denupsit

1365 601 1564 662 etiam
1624 595 2013 661 conciliante
2068 591 2323 675 nuptias
2385 591 2623 651 Carolo
2681 591 2854 651 Pati-

1326 756 1327 759 ,
1366 722 1456 764 no
1487 703 1569 781 ⁸).
1657 701 1897 761 Contra
1920 692 2380 777 ¹Genebrierus
2416 691 2588 753 edita
2626 690 2851 752 ineun-

1362 812 1432 865 te
1508 801 1635 862 boe
1702 796 1963 861 saeculo
2026 793 2482 857 dissertatione
2558 792 2848 866 Parisiis,

1320 921 1558 987 ‚quam
1619 898 1843 960 alteris
1907 895 2073 978 typis
2137 896 2463 979 vulgatam
2535 894 2849 955 habemus

1316 999 1426 1063 ,in
1471 1000 1722 1062 Electis
1768 996 2246 1067 Woltereekii‚
2295 995 2444 1056 Cari
2491 1014 2632 1057 eam
2695 1015 2849 1080 uxo·

1354 1121 1501 1165 rem
1556 1100 1997 1185 promulgavit
2052 1096 2453 1178 adprobante
2504 1096 2647 1177 ejus
2685 1093 2853 1176 judi-

1355 1203 1530 1270 cium
1565 1201 1937 1275 BanduriO,
1983 1199 2387 1280 eruditisque
2418 1198 2579 1258 aliis.

1479 1308 1670 1368 Novo
1723 1302 1851 1365 hoc
1891 1299 2043 1362 Cari
2096 1319 2335 1360 consor
2339 1299 2432 1359 tio
2475 1298 2696 1359 multis
2738 1320 2846 1360 an·

1353 1407 1456 1468 nis
1492 1404 1843 1489 tranquille
1895 1422 2074 1462 usam
2121 1396 2388 1459 turbare
2443 1400 2660 1484 eoepit
2696 1400 2847 1463 Phi-

1359 1512 1607 1591 lippus
1640 1502 2025 1568 Stoscbius
2042 1512 2312 1583 reperto
2375 1519 2574 1561 numo
2637 1520 2842 1562 aeneo

1310 1672 1317 1678 ,
1356 1610 1466 1673 111.
1497 1605 1793 1670 formae·

1634 1706 1814 1768 IMP.
1852 1702 2249 1769 CARINVS.
2289 1700 2490 1766 AVG.
2549 1705 2844 1777 Pmtome

1639 1809 1864 1869 Carini
1887 1808 2155 1884 quleata
2180 1804 2484 1862 ‘laureata
2525 1806 2587 1862 d.
2617 1823 2844 1885 equum

1308 1974 1311 1981 ,
1634 1911 1917 1988 capistro
1954 1906 2187 1964 retinet
2204 1947 2220 1977 ,
2266 1924 2317 1962 a.
2350 1906 2654 1981 clypeum.

1349 2006 1714 2083 MAGNIA.
1743 2005 2091 2076 VRBICA.
2122 2003 2322 2073 AVG.
2388 2007 2590 2084 Caput
2620 2011 2839 2087 Magn.

1351 2114 1653 2177 Vrbicus.
2064 2180 2069 2183 v
2230 2164 2235 2169 ,

1471 2211 1690 2292 Hujus
1709 2211 1889 2272 numi
1910 2207 2297 2272 auctoritate
2333 2222 2546 2270 motus
2582 2208 2836 2271 sancire

1299 2332 1479 2388 „non
1513 2311 1830 2391 dubitavit
1855 2338 1877 2385 ‚·
1920 2309 2221 2389 decisam¹
2250 2309 2511 2371 tandem
2542 2324 2835 2370 veterem

1338 2413 1562 2489 litem,
1638 2425 1705 2473 et
1765 2411 2069 2477 Vrbicam
2131 2410 2555 2471 indubitatam
2613 2408 2834 2471 Carini

1341 2535 1616 2577 uxorem
1653 2512 2013 2575 hahendam
2039 2556 2058 2586 ,
2101 2524 2172 2572 ut
2201 2511 2431 2576 videre
2462 2525 2559 2573 est
2590 2511 2653 2571 in
2694 2511 2835 2593 ejus

1342 2616 1619 2701 epistola
1652 2614 1828 2676 edita
1866 2611 2243 2673 Florentiae
2281 2634 2452 2674 anno
2496 2614 2674 2693 1755.

1466 2718 1615 2778 Non
1644 2713 1962 2776 satisfecit
1982 2714 2145 2775 haec
2182 2713 2509 2775 sententia·
2534 2712 2835 2792 Belleyo‚

1336 2836 1544 2901 eaque
1602 2835 1863 2907 rursum
1925 2814 1992 2875 in
2055 2832 2329 2876 examen
2388 2826 2616 2877 vocata
2660 2833 2835 2875 com-

1329 2916 1723 2983 mentarium
1801 2913 2099 2998 scripsit,
2192 2913 2306 2996 qui
2379 2912 2664 2984 insertus
2733 2925 2833 2976 est

1332 3019 1565 3102 operi:
1630 3019 1832 3078 Mem.
1896 3013 2013 3075 des
2057 3017 2135 3074 B.
2180 3015 2257 3073 L.
2323 3018 2511 3074 Tom.
2561 3012 2828 3080 XXVH.

1308 3115 1589 3204 'p.154,
1653 3115 1840 3197 cujus
1885 3135 2134 3176 summa
2180 3113 2391 3196 capita
2436 3114 2596 3175 haee
2642 3128 2827 3176 sunt·

1328 3232 1692 3337 praeeunte
1754 3216 1883 3280 hoc
1943 3211 2142 3278 numo
2220 3207 2504 3277 dubitari
2553 3213 2828 3298 quidem

1320 3321 1455 3408 jam
1502 3341 1632 3384 non
1681 3339 1920 3401 posse,
1958 3313 2269 3384 Vrbicam
2318 3317 2400 3378 ad
2449 3313 2602 3378 'Cari
2644 3315 2831 3378 fami·

1325 3424 1484 3486 liam
1527 3424 1902 3504 pertinere,
1964 3413 2096 3478 non
2137 3431 2356 3479 tamen
2401 3415 2586 3480 certo
2630 3416 2826 3502 p'osse

1328 3523 1553 3607 argui,
1604 3521 1824 3586 Carini
1867 3514 2010 3582 eam
2056 3521 2331 3581 uxorem
2364 3513 2587 3581 fuisse.
2652 3512 2827 3581 ⁶Non

1322 3645 1523 3711 posse
1558 3617 1823 3704 negari,
1871 3613 2135 3707 saep'ius‘
2172 3617 2240 3680 in'
2283 3616 2564 3683 m‘on'eta‘
2587 3615 2825 3708 Roma

1324 3747 1410 3792 na
1471 3723 1686 3786 mariti
1749 3734 1816 3786 et
1875 3717 2101 3783 uxoris
2134 3717 2367 3806 ‘capita
2429 3717 2699 3799 sociari,
2758 3735 2823 3784 at

1322 3841 1557 3891 verum
1602 3842 1749 3886 esse
1793 3822 2027 3898 etiam,
2088 3821 2264 3887 h'unc
2307 3822 2633 3887 lionorem
2661 3819 2820 3885 'aliis

1327 3944 1592 4014 quoque
1650 3923 1914 3988 feminis
1974 3923 2305 4002 habitum,
2370 3944 2536 4010 quae
2580 3943 2819 3987 uxores

1324 4050 1460 4094 non
1518 4025 1730 4089 fuere.
1816 4024 2129 4094 Vrbicam
2210 4045 2382 4102 vero,
2428 4046 2559 4088 non
2613 4023 2819 4089 fuisse

1321 4147 1599 4195 uxorem
1658 4128 1877 4191 Carini
1937 4129 2055 4192 sed
2114 4128 2306 4204 Cari,
2357 4127 2479 4188 'bis
2545 4140 2820 4220 conatur

1320 4229 2162 4315 rationibuspersuaderet
2228 4229 2277 4292 1.
2328 4229 2646 4318 copiosos
2705 4226 2823 4291 ha-

2951 298 3414 380 VRBICA.

2966 488 3196 551 bemus
3254 508 3525 564 numos,
3609 487 3682 549 in
3734 487 3977 575 quibus
4043 503 4287 552 mater
4364 512 4520 555 eum

2965 589 3102 651 filio
3138 590 3461 672 jungitur,
3509 605 3765 673 poterat
3795 611 3968 675 ergo
4010 592 4084 653 in
4129 611 4513 679 praesente

2965 712 3163 753 numo
3210 706 3418 752 mater
3475 712 3734 776 quoque
3781 695 4007 756 Carini
4073 694 4282 779 jungi
4349 716 4509 760 eum

2961 790 3121 852 filio.
3207 794 3285 855 ll.
3333 797 3729 877 Repugnare
3768 795 3856 857 ait
3893 796 4222 858 moribus
4268 798 4506 859 Carini

2962 893 3268 956 Vrbicam
3318 896 3700 979 conjugem,
3777 898 3889 981 qui
3948 912 4138 960 teste
4189 899 4504 981 Vopiseo

2959 1015 3195 1055 uxores
3212 1000 3494 1056 ducendo
3524 1018 3603 1056 ac
3625 1001 3972 1072 rejiciendo
3992 1020 4247 1060 novem
4275 1005 4496 1075 dna-is,

2953 1099 3162 1174 pulsis
3182 1100 3509 1179 plerisque
3544 1103 4086 1178 praeynantibus.
4181 1100 4282 1162 At
4327 1123 4496 1165 vero

2959 1197 3268 1263 Vrbieam
3307 1220 3439 1258 non
3484 1198 3680 1261 modo
3724 1198 3924 1260 fuisse
3955 1219 4490 1286 praegnantem,

2962 1298 3077 1358 sed
3113 1299 3380 1382 insuper
3414 1300 3571 1363 duas
3622 1301 3871 1362 enixam
3914 1302 4200 1384 proles,
4247 1308 4492 1388 patere

2960 1418 3040 1460 ex
3084 1399 3224 1481 ejus
3272 1402 3484 1462 numis
3531 1423 3680 1465 cum
3732 1404 4099 1486 epigraphe
4144 1407 4486 1473 PVDICI-

2962 1503 3132 1564 TIA.
3183 1503 3425 1575 AVG.,
3473 1518 3538 1564 et
3583 1518 3737 1587 typo
3787 1505 4088 1567 mulieris
4151 1509 4480 1581 sedentis,

2957 1601 3134 1683 juxta
3172 1625 3363 1688 quam
3410 1619 3578 1666 stant
3609 1604 3737 1668 duo
3785 1607 3994 1689 puelli
4045 1608 4282 1671 induti
4328 1627 4478 1694 toga

2915 1765 2920 1771 ,
2957 1702 3153 1767 virili.
3200 1707 3300 1766 Ex
3338 1728 3466 1789 quo
3499 1708 3733 1791 arguit,
3779 1708 4088 1773 Carinum
4116 1755 4136 1785 ‚
4186 1713 4314 1796 qui
4349 1735 4473 1777 nou

2957 1806 3107 1867 tulit
3152 1827 3391 1868 uxores
3434 1824 3906 1891 praegnantes,
3969 1811 4194 1873 multo
4253 1815 4474 1877 minus

2893 1894 2909 1910 ⁸
2956 1906 3238 1969 laturum
3286 1907 3486 1970 fuisse
3524 1908 3624 1969 bis
3662 1909 4007 1972 secundam
4033 1956 4053 1986 ,
4094 1934 4335 1998 neque
4381 1915 4471 1996 ju·

2956 2007 3141 2069 venis
3202 2009 3419 2070 Carini
3481 2011 3670 2071 uxori
3732 2030 3872 2072 eam
3945 2032 4093 2073 esse
4159 2018 4470 2098 potuisse

2955 2122 3272 2185 aetatem,
3315 2126 3385 2173 ut
3431 2109 3602 2173 filios
3647 2111 3771 2193 jam
3808 2112 4084 2176 haberet
4118 2128 4334 2198 togae
4386 2121 4471 2179 vi·

2953 2208 3062 2269 rili
3096 2210 3389 2273 idoneos.
3469 2210 3700 2273 Fuisse
3749 2234 3909 2297 ergo
3942 2216 4267 2293 Vrbicam
4314 2222 4467 2282 Cari

2952 2330 3221 2385 uxorem
3241 2355 3258 2385 ,
3307 2326 3372 2373 et
3403 2312 3586 2375 binas
3605 2333 3870 2377 aversae
3888 2316 4116 2398 proles
4142 2319 4464 2384 Carinum

2953 2425 3018 2473 et
3044 2413 3533 2477 Numerianum.

2973 2498 2979 2511 ’
3076 2513 3249 2573 Huic
3275 2514 3532 2594 Belleyi
3567 2516 3719 2577 crisi
3744 2516 4060 2598 judicium
4109 2542 4309 2583 suum
4349 2544 4460 2607 op·

2948 2613 3166 2696 posuit
3187 2614 3494 2676 Khellius
3516 2616 3579 2675 in
3617 2615 4071 2684 dissertatione
4096 2623 4279 2685 edita
4301 2626 4462 2689 Vin-

2952 2711 3250 2777 dobonae
3326 2715 3521 2794 1767,
3595 2718 3701 2779 cui
3779 2719 4041 2784 titulus:
4122 2729 4460 2802 Epicu-isis

2950 2819 3463 2895 observationum
3505 2821 3583 2878 cl.
3626 2821 3846 2899 Belley
3884 2826 3953 2882 in
3994 2845 4264 2886 smmum
4312 2832 4456 2890 Ha·

2942 2920 3143 2997 quiae
3164 2920 3436 2981 Vrbicae
3453 2920 3659 2998 Any„
3704 2940 3829 3003 qua
3868 2921 4268 2989 confirmare
4304 2948 4454 2991 sen-

2947 3018 3213 3079 tentiam
3251 3018 3571 3094 Stoschii‚
3616 3033 3685 3081 et
3719 3021 3975 3086 diluere
4007 3026 4274 3108 objecta
4290 3030 4451 3092 Bel·

2945 3116 3080 3198 leyi
3125 3118 3318 3180 dubia
3378 3139 3609 3203 magna
3670 3123 4021 3188 verborum
4082 3129 4277 3212 copia
4335 3130 4446 3194 ad·

2942 3218 3192 3280 nititur.
3625 3287 3630 3292 ,

3070 3319 3459 3383 Ponderatis
3494 3322 3836 3408 utriusque
3864 3331 4273 3409 argumentis
4312 3335 4440 3397 etsi

2946 3419 3261 3483 decidere
3316 3422 3503 3487 litem
3562 3445 3834 3503 verear,
3895 3431 4158 3494 mallem
4214 3447 4438 3498 tamen

2937 3541 3061 3604 pro
3142 3524 3399 3600 Carini,
3471 3547 3662 3609 quam
3725 3528 3876 3591 Cari
3945 3553 4154 3596 uxore
4187 3544 4206 3560 ⁴
4235 3550 4432 3601 stare·

2936 3619 3137 3701 Esto,
3183 3624 3358 3708 quod
3403 3641 3624 3690 narrat
3652 3629 4013 3711 Vopiscus,
4060 3633 4267 3698 fuisse
4311 3640 4429 3702 Ca·

2934 3719 3150 3787 rinum
3194 3726 3263 3787 in
3306 3723 3606 3789 ducendo
3650 3751 3744 3796 ae
3789 3732 4194 3815 repudiando
4241 3759 4428 3820 prae-

2935 3825 3236 3910 cipitem‚
3285 3846 3366 3888 an
3416 3848 3548 3890 non
3594 3813 3829 3894 eodem
3873 3833 4047 3897 vitio
4101 3830 4425 3902 laboravit

2933 3947 3195 4013 quoque
3240 3927 3669 4012 Elagabalus,
3714 3931 3938 4016 eujus,
3983 3937 4107 3998 etsi
4148 3957 4237 3999 ne
4271 3960 4422 4022 qua-

2931 4042 3087 4091 tuor
3142 4027 3406 4113 quidem
3466 4033 3652 4093 annis
3715 4034 3943 4097 solidis
4010 4036 4418 4121 imperasset,

2930 4150 3172 4193 uxores
3247 4143 3461 4192 certas
3537 4145 3673 4195 tres
3748 4133 4101 4215 habemus,
4177 4159 4419 4225 easque

2931 4252 3159 4295 omnes
3201 4232 3417 4295 numia
3459 4232 3801 4318 insignes?
3883 4237 3970 4303 At
4014 4259 4250 4325 magno
4299 4233 4417 4305 suo

1655 4405 1661 4412 υ
3347 4393 3350 4398 Ι
3953 4407 3964 4420 0⁸
4339 4406 4348 4418 .

1324 4415 4392 4453 mm

1284 4533 1295 4540 ’
1352 4532 1449 4621 ἰ)
1494 4546 1666 4604 Num.
1706 4536 1903 4646 Im'pp.
