4652 5937
1167 498 1327 589 '278

2032 494 2778 571 ALEXANDER
2848 490 3407 566 SEVERVS,
3501 448 3507 455 ’

1185 687 1432 776 gratia,
1477 685 1547 746 in
1596 682 1884 747 omnium
1941 696 2117 747 esset
2166 680 2538 757 amoribus,
2583 680 2674 742 ila
2788 680 2915 741 Sol
2946 681 3254 759 gradiens
3311 680 3376 739 d.
3422 678 3636 749 elata,
3693 697 3746 738 a·
3795 678 4165 758 ssayellum,
4211 680 4276 741 in

1098 810 1101 813 “
1183 806 1252 855 et
1295 787 1591 863 sobrius,
1636 799 1705 848 et
1752 785 2028 867 frugalis
2061 785 2127 844 in
2167 783 2382 859 victu,
2429 798 2496 846 et
2526 782 2673 846 cor-

1180 893 1366 978 poris
1418 891 1637 964 cultu,
1683 886 1752 948 in
1804 887 2137 951 tractanda
2177 886 2555 970 republica,
2601 897 2672 948 et

1182 993 1690 1057 administranda
1749 993 2119 1076 tuendaque
2190 989 2436 1071 justitia
2501 988 2671 1051 adsi-

1183 1096 1698 1160 duum-Acerin
1725 1092 2129 1156 restituenda
2166 1089 2435 1152 militari
2477 1089 2669 1152 disci-

1176 1197 1392 1282 plina,
1438 1218 1632 1281 quam
1690 1195 2030 1278 Elagabali
2077 1193 2388 1263 vecordia
2441 1212 2667 1254 corru-

1173 1299 1309 1382 pit,
1351 1299 1653 1383 legiones
1696 1300 2018 1378 integras,
2082 1314 2230 1357 cum
2276 1292 2667 1377 obsequium

1178 1400 1670 1484 detrectabant,
1716 1396 2180 1462 exauctoravit.
2243 1395 2666 1477 Religionem

1177 1503 1422 1565 eximie
1467 1503 1711 1578 coluit,
1757 1501 1873 1563 sed
1924 1499 2338 1583 promiscue3
2403 1517 2555 1557 nam
2611 1494 2666 1555 si

1171 1603 1337 1667 fides
1424 1602 1806 1687 Lampridio
1887 1600 1983 1681 ⁸),
2062 1603 2128 1661 in
2213 1598 2454 1660 larario
2546 1617 2666 1661 suo

1173 1720 1442 1789 praeter
1486 1704 1747 1788 cognita
1812 1703 1943 1787 jam
1989 1703 2256 1764 numina
2310 1699 2664 1775 Christum,

1174 1807 1667 1881 Abrahamum,
1754 1806 2136 1891 Orpheum,
2240 1802 2663 1886 Apollonium

1175 1893 1587 1989 Tyanensem
1616 1909 1942 1992 repositos
1983 1905 2241 1981 habuit,
2286 1919 2494 1966 matre
2528 1905 2667 1964 Ma-

1172 1990 1580 2073 meamus
1629 2009 1826 2072 dubie
1870 2009 1950 2071 aa
1991 2007 2355 2070 christiana
2402 2005 2666 2087 dogma-

1169 2110 1253 2174 ta'
1289 2111 1632 2185 hortante,
1694 2131 1885 2193 quam
1948 2109 2151 2172 fuisse
2205 2106 2662 2181 Christianam,

1169 2225 1244 2281 ut
1290 2214 1358 2272 in
1401 2212 1541 2293 ejus
1596 2214 1727 2276 vita
1772 2198 2101 2284 dicemus,
2164 2210 2404 2295 passim
2454 2208 2666 2273 credi-

1171 2328 1331 2376 tum.
1394 2318 1557 2376 Tam
1603 2315 1942 2397 praeclaro
1989 2314 2273 2399 principi
2336 2312 2475 2396 ipsa
2538 2311 2663 2373 vir·

1168 2429 1316 2489 tus,
1381 2415 1500 2476 sed
1563 2434 1729 2499 quae
1793 2414 1957 2478 fines
2003 2416 2328 2491 excessit,
2385 2415 2656 2476 exitium
2697 2446 2742 2463 ‚-

2709 2512 2710 2515 ’
2776 2513 2852 2576 Α.
3058 2515 3236 2575 ΙΜΡ.
3315 2453 3557 2578 ἔΑΕὸ.
3626 2461 3718 2581 ᾖ.
3789 2519 3993 2588 AVR.
4071 2524 4260 2594 SEV.

1171 2516 1433 2588 attulit3
1484 2516 1791 2578 nimirum
1853 2538 2002 2581 cum
2058 2532 2334 2602 propter
2375 2515 2661 2593 incredi-

1165 2618 1371 2681 bilem
1433 2619 1498 2679 in
1560 2631 1834 2681 matrem
1897 2612 2208 2705 'pietatem
2270 2619 2467 2682 etiam
2522 2617 2658 2679 illis

1170 2720 1312 2803 ejus
1357 2721 1649 2785 consiliis
1711 2741 1966 2783 morem
2012 2722 2323 2783 continuo
2369 2732 2658 2804 gereret,

1163 2842 1332 2905 quae
1378 2822 1521 2906 ipse
1575 2821 1789 2907 minus
1842 2843 1879 2884 e
1932 2841 2070 2904 rep.
2111 2821 2259 2884 fore
2292 2820 2657 2895 intellexit,

1162 2937 1360 3009 atque
1409 2925 1531 2987 hac
1576 2924 1893 2987 suadente
1945 2914 2381 3007 parsimoniae
2427 2923 2661 2986 intem·

1164 3026 1422 3110 pestive
1467 3023 1802 3099 studeret,
1850 3045 2154 3108 magnum
2210 3024 2493 3086 militum
2542 3047 2659 3087 nu·

1164 3145 1466 3200 merum,
1523 3143 1802 3208 quorum
1861 3145 1938 3188 ea
1998 3138 2210 3187 aetate
2270 3125 2656 3205 insatiabilis

1163 3224 1293 3287 fuit
1326 3225 1684 3310 cupiditas,
1731 3227 1814 3290 ab
1860 3247 1931 3289 se
1977 3226 2234 3290 avertit.
2297 3227 2469 3289 Sane
2504 3219 2654 3290 cum

1166 3347 1315 3390 sese
1348 3328 1430 3391 ad
1460 3349 1694 3393 necem
1742 3329 2004 3413 quaeri,
2048 3349 2266 3413 neque
2309 3330 2518 3391 ullum
2559 3351 2658 3392 sa-

1163 3430 1292 3493 luti
1345 3430 1661 3515 effugium
1694 3431 2000 3508 videret,
2061 3432 2282 3515 coepit
2336 3430 2481 3514 ipse
2523 3452 2655 3493 ma-

1162 3546 1377 3611 trem,
1424 3532 1914 3617 cuiimplicitus
1942 3532 2285 3609 haerebat,
2324 3532 2658 3609 incusare,

1164 3655 1312 3701 sese
1351 3636 1493 3720 ejus
1528 3635 1721 3698 unius
1765 3654 1956 3698 causa
1989 3648 2283 3698 extrema
2312 3633 2449 3716 pati
2477 3631 2564 3713 ¹³).

1202 3773 1205 3776 ·
1300 3742 1563 3814 stores.
1625 3738 1731 3798 De
1766 3736 1870 3797 his
1915 3736 2101 3813 vide,
2148 3755 2313 3820 quae
2348 3735 2658 3804 dicentur,

1158 3836 1333 3902 infra
1361 3839 1428 3900 in
1462 3838 1788 3914 Orbiana,
1833 3858 2042 3902 uxore
2067 3835 2423 3902 Alexandri
2458 3839 2651 3904 unica

1163 3961 1249 4005 ex
1292 3941 1509 4005 numis
1551 3940 1833 4026 cognita.
2119 3926 2125 3934 ⁸

1640 4199 1645 4202 -
1757 4167 2058 4231 Numi:

1441 4351 1621 4415 mr.
1736 4351 2304 4418 ALEXANDER.
2422 4351 2574 4422 ΡΝ
2581 4350 2650 4415 8.

1414 4451 1643 4521 {AVG.
1664 4456 1890 4532 :Caput
1933 4457 2315 4517 laureatum.

2787 780 2968 847 omni
3012 780 3282 853 metallo
3326 792 3396 842 et
3436 778 3669 842 forma.

2906 882 3105 944 Numi
3141 902 3286 944 cum
3321 880 3445 943 hac
3475 879 3625 941 trib.
3663 894 3989 964 potestate
4018 904 4150 948 non
4183 886 4276 957 in·

2779 985 3202 1069 frequentes,
3248 997 3465 1047 tamen
3516 982 3599 1046 de
3645 985 3776 1048 alio
3816 1004 4090 1052 aversae
4120 1001 4274 1072 typo

2781 1106 2911 1150 non
2955 1099 3227 1153 constat.

3255 1313 3506 1374 Numi
3557 1317 3778 1395 vaqt‘.

2807 1510 2810 1513 ’
2844 1540 2849 1546 -
2907 1497 3164 1558 Horum
3201 1495 3434 1580 ingens
3455 1475 3768 1561 numerus
3802 1499 3972 1562 raris
3993 1514 4269 1566 aversae

2781 1595 2971 1679 typis,
3002 1597 3129 1660 nisi
3149 1597 3385 1663 obviis.
3430 1598 3652 1692 Quare
3675 1601 3933 1664 nonnisi
3958 1603 4273 1668 illustrio-

2779 1716 2891 1757 res
2954 1717 3037 1758 ex
3100 1700 3277 1761 omni
3338 1702 3598 1785 agmine
3654 1701 3978 1769 hocloco
4025 1706 4269 1770 descri-
4337 1701 4342 1706 ⁶

2778 1796 3021 1860 bentur
3071 1801 3329 1863 omissis
3371 1802 3666 1885 reliquis.
3724 1803 3859 1866 Pro
3891 1806 4130 1870 horum
4166 1827 4268 1871 ae·
4387 1878 4394 1879 ff
4439 1881 4454 1887 Α

2779 1911 2913 1962 tate
2975 1902 3266 1974 eruenda
3329 1922 3461 1965 non
3514 1906 4093 1989 parumconferet
4158 1910 4269 1974 ob·

2781 2022 3047 2073 servare
3096 2003 3559 2087 inscriptiones
3624 2008 3886 2090 capitis,
3944 2032 4106 2095 quas
4149 2032 4270 2096 per

2777 2102 3166 2181 intervalla,
3216 2120 3281 2169 et
3331 2122 3510 2170 certa
3566 2107 3718 2192 lege
3754 2112 4038 2176 variasse
4072 2134 4267 2199 supra
4333 2104 4338 2111 ⁸

2776 2205 2845 2265 in
2908 2225 3253 2279 numorum
3306 2209 3600 2293 ipsorum
3666 2210 4109 2296 descriptione
4176 2216 4266 2278 vi·

2778 2308 3012 2371 dimus.

3498 2413 3537 2454 a

3055 2616 3499 2684 ALEXAND.
3528 2620 3732 2689 AVG.
3765 2626 3988 2703 ‚Caput
4013 2630 4264 2691 laurea·

3057 2724 3215 2781 tuin.

2773 2821 3570 2905 AETERNITA‘PIBVS.
3659 2831 3895 2892 Mulier
3963 2842 4147 2894 stans
4199 2839 4261 2895 d.

2768 2927 3027 3003 ylobum
3048 2947 3157 3002 ,-s.
3189 2933 3427 2993 iunia-a
3451 2933 3783 2995 columnae
3817 2935 4130 3012 spiculum
4152 2952 4294 3016 ‚qe-t

2772 3035 2923 3089 slat.
2969 3030 3109 3092 AR.
3156 3031 3417 3112 (Vaill.)

2872 3131 3084 3193 'Haec
3130 3151 3398 3196 aversae
3447 3135 3808 3220 epigraphe
3837 3136 4012 3201 inter
4046 3138 4262 3203 adcla-

2770 3229 3090 3292 mationes
3136 3232 3641 3317 imperatoribus
3693 3236 3842 3301 fieri
3892 3241 4115 3303 solitas
4151 3261 4259 3304 re·

2768 3333 3106 3413 ponenda,
3166 3354 3442 3418 quarum
3489 3338 3825 3422 copiosas,
3886 3360 4052 3425 quae
4101 3342 4257 3406 huic

2768 3431 3183 3518 inscriptioni
3219 3434 3845 3523 adplicaripcssunt,
3877 3442 4050 3526 apud
4067 3445 4260 3508 Lam·

2767 3536 3055 3619 pridium
3096 3539 3166 3601 in
3196 3540 3556 3603 Alexandri
3596 3542 3730 3607 vita
3768 3544 4085 3628 reperies.

2843 3667 2850 3674 .
3236 3657 3239 3663 ι
3339 3687 3379 3726 a*
3503 3644 3545 3684 a
3668 3691 3709 3731 s
3797 3673 3807 3708 .-

2765 3731 3145 3810 PECVND.
3207 3744 3680 3820 AVGVSTAE
3727 3747 4145 3832 praedicatur
4186 3752 4255 3813 in

2766 3840 2939 3903 binis
2992 3844 3133 3909 AR.
3199 3846 3412 3908 musei
3472 3850 3809 3927 Caesarei,
3868 3849 3985 3913 sed
4025 3870 4257 3915 aversa

2766 3940 2934 4007 haec
2953 3941 3241 4029 pertinet
3268 3949 3721 4013 ad‘Mamaeam
3744 3966 4037 4014 matrem.
4073 3952 4254 4015 Idem

2767 4045 3064 4131 sphalma
3094 4046 3445 4112 redibit.in
3479 4066 3742 4115 moneta
3781 4053 4102 4122 Gallieni-i

2937 4153 2942 4158 .
3467 4171 3470 4176 ,
3494 4153 3554 4193 *2
3771 4169 3776 4175 ,

2762 4250 2844 4314 Β.
3047 4253 3223 4315 ῙΜΡ.
3328 4195 3905 4322 'ELEXAffiDEa
4032 4259 4249 4328 PtVS.

3050 4353 3251 4442 ΔΥΕ.
3302 4359 3505 4437 Caput
3535 4362 3912 4423 laureatum.

2762 4451 3025 4524 IOWS.
3053 4454 3210 4536 (sic)
3240 4459 3931 4527 PROPVGNATOR.
3967 4468 4244 4544 Iuppiter

1158 4554 1235 4615 P.
1269 4556 1379 4617 Μ.
1425 4554 1590 4616 ΤΒ.
1619 4555 1693 4616 Ρ.
1744 4554 1951 4618 xun.
2000 4554 2212 4619 ‚cos
2263 4556 2379 4620 111.
2441 4555 2518 4619 Ρ.
2567 4556 2648 4622 Ρ.
2759 4559 2822 4618 α.
2851 4560 3895 4657 [αιηιεηῑηιεηιαω.,ᾼῌ.-(Μυε.
3925 4568 4150 4645 Caes.)
4253 4626 4261 4634 .

1231 4764 1292 4836 a)
1334 4763 1482 4839 Cap.
1506 4774 1610 4838 29.
1708 4791 1712 4796 ·
1788 4764 1861 4838 b>
1895 4763 2217 4824 Herodian.
