4652 5937
1244 419 1392 493 3104

1299 564 1307 574 ·
1358 564 1678 652 ζῗίἆίωιιε
1735 576 1805 639 in
1869 574 2137 661 'Traiani
2197 573 2414 638 numis
2457 575 2744 637 DACIA.

1232 688 1633 767 *AVGVS'IR-
1674 677 2159 761 ⁸PROVINCIA
2229 677 2500 763 Daciam
2545 696 2748 760 *praef

1247 792 1429 855 ferre
1468 787 1799 869 spicaset
1844 782 2100 864 signum
2150 781 2476 854 militare,
2518 777 2586 838 in
2629 798 2767 843 nu-‚

1246 893 1373 955 mis
1424 891 1489 951 in
1536 889 1673 969 ipsa
1724 883 1999 968 regione
2044 882 2196 944 inde
2235 902 2270 969 a
2319 879 2630 962 Philippo
2664 877 2749 969 εἰῇ

1247 992 1457 1076 gnatis
1492 1002 1751 1072 gestare
1791 1006 2013 1048 ensem
2060 985 2403 1045 incurvum
2434 980 2741 1064 patrium,

1247 1093 1483 1177 quibus
1515 1089 1774 1152 omissis
1822 1088 1887 1149 in
1933 1086 2036 1147 his
2069 1083 2282 1148 numis
2333 1098 2527 1168 caput
2559 1083 2743 1146 lucu-

1148 1232 1171 1253 „
1244 1195 1495 1261 lentum
1564 1192 1725 1254 asini
1793 1202 2094 1251 ostentat.
2187 1186 2373 1279 Quae
2422 1185 2505 1244 sit
2548 1183 2746 1264 hujus

1246 1294 1528 1376 symboli
1559 1314 1749 1376 causa
1768 1336 1795 1377 ,g
1831 1290 2198 1352 tacentibus
2232 1285 2565 1350 veteribus
2605 1284 2743 1347 edi-

1246 1416 1400 1469 cere
1452 1416 1583 1456 non
1632 1407 1835 1456 tento.
1923 1394 2087 1452 Nam
2128 1389 2182 1454 si
2236 1388 2556 1469 allegoria
2594 1387 2742 1471 sub·

1244 1514 1349 1561 tus
1382 1498 1580 1573 latet,
1627 1492 1806 1579 quod
1840 1492 2138 1554 nonnulli
2161 1489 2568 1562 existimant,
2605 1480 2742 1548 tan-

1245 1612 1313 1662 to
1350 1600 1593 1661 certius
1630 1596 1879 1658 erroris
1921 1582 2330 1677 periculum,
2378 1603 2617 1674 quanto
2652 1588 2745 1650 la·

1250 1702 1397 1761 xius
1431 1697 1790 1781 allegoriae
1831 1707 2093 1777 patent,
2140 1707 2207 1754 et
2263 1690 2374 1754 odi
2413 1690 2746 1772 conjectu-

1166 1878 1169 1879 7
1245 1821 1467 1861 rarum
1500 1820 1705 1861 mare.
1787 1799 1920 1858 Pro
1960 1795 2124 1872 asini
2159 1794 2371 1877 capite
2406 1794 2487 1854 cl.
2529 1796 2746 1875 Euge-

1246 1902 1375 1963 lius
1406 1915 1632 1964 noster
1664 1902 1730 1961 in
1759 1900 1861 1960 his
1889 1897 2104 1959 numis
2153 1896 2331 1959 videt
2369 1909 2562 1978 caput
2601 1894 2746 1957 dra-

1224 2002 1432 2077 ‚conis
1472 2002 1703 2064 Dacici
1752 2014 1950 2064 conto
1996 1996 2266 2059 infixum
2302 1997 2559 2060 omissis
2603 2017 2749 2059 cor-

1246 2125 1411 2189 pore
1470 2118 1538 2165 et
1591 2102 1795 2166 cauda
1836 2102 1947 2168 vel
2010 2101 2095 2163 ob
2157 2099 2477 2161 incuriam
2546 2097 2748 2162 artifi-

1251 2204 1381 2279 cis,
1443 2204 1551 2268 vel
1616 2204 1701 2266 ob
1756 2203 2005 2265 laboris
2071 2201 2572 2285 compendium,
2634 2200 2745 2265 vel

1249 2305 1335 2366 ob
1374 2306 1565 2388 spatii
1598 2305 1666 2364 in
1715 2303 1930 2364 numis
1969 2303 2333 2384 angustiam
2367 2304 2449 2381 ⁸¹).
2519 2304 2746 2364 Enim-

1245 2423 1409 2467 vero
1446 2418 1702 2467 constat
1739 2423 1820 2466 ex
1854 2404 2154 2467 iconibus
2198 2405 2543 2466 columnae
2584 2409 2744 2467 Tra-

1243 2505 1470 2589 ianae,
1529 2505 1850 2568 dracones
1903 2506 2104 2567 hastis
2154 2504 2481 2590 praefixos
2542 2507 2743 2597 Dacis

1248 2609 1314 2669 in
1347 2608 1528 2692 signa
1553 2607 1856 2669 militaria
1878 2608 2208 2670 serviisse.
2253 2609 2745 2673 Libcnterhuic

1244 2704 1353 2770 me
1393 2711 1754 2771 sententiae
1778 2710 2172 2791 applicarem
2195 2754 2212 2787 ,
2259 2711 2408 2795 quia
2438 2724 2572 2771 tum
2603 2731 2744 2771 cer-

1245 2825 1384 2870 tum
1435 2809 1741 2894 quiddam
1792 2825 2210 2886 teneremus,
2264 2831 2481 2895 neque
2529 2810 2611 2874 ad
2653 2813 2743 2874 al-

1248 2911 1651 2995 legor-iarum
1694 2912 1946 3000 incerta
1985 2913 2425 2996 adiget-emur.
2499 2915 2602 2976 At*
2633 2935 2745 2979 ve-

1246 3033 1324 3074 ro
1369 3014 1435 3071 in
1487 3013 1702 3074 numis
1748 3014 1816 3074 id
1875 3034 2081 3098 genus
2118 3015 2566 3099 integerrimis
2614 3031 2741 3078 tam

1246 3113 1609 3199 productae
1657 3128 1804 3176 sunt
1848 3135 2083 3191 aures,
2125 3129 2197 3177 ut
2239 3117 2322 3178 de
2375 3117 2539 3179 asini
2575 3120 2747 3201 capi-

1249 3227 1316 3276 te
1353 3214 1634 3277 dubitari
1672 3239 1801 3278 non
1838 3217 2064 3301 possit.
2151 3219 2474 3281 Dedimus
2508 3206 2574 3281 in
2611 3241 2745 3282 mo-

1245 3330 1397 3378 neta
1482 3319 1772 3402 Philippi
1845 3320 1892 3382 1.
1989 3341 2258 3382 numum
2351 3322 2739 3406 inscriptum

1248 3419 1992 3512 TRANQVJLLITAS.
2079 3419 2341 3491 AVGG.
2368 3468 2385 3501 ,
2464 3425 2527 3485 in
2610 3445 2741 3508 quo

1244 3519 1488 3580 mulier
1550 3536 1723 3585 stans
1787 3523 2056 3586 dextera
2123 3526 2474 3587 draconem
2537 3540 2747 3603 tenet,

1246 3641 1369 3703 qua
1415 3623 1698 3706 imagine
1750 3624 1886 3686 dixi
1920 3625 2282 3687 verisimile
2332 3626 2543 3690 videri
2589 3649 2743 3710 pro·-

1244 3723 1530 3804 positum
1591 3747 1788 3788 unum
1854 3746 1936 3787 cx
2003 3727 2437 3806 draconibus,
2502 3713 2739 3814 quiex

1246 3842 1443 3909 conto
1497 3828 1795 3911 suspensi
1826 3829 1993 3912 apud
2046 3832 2384 3912 Romanos
2419 3852 2628 3916 acque
2662 3854 2742 3896 ac

1245 3930 1562 3994 barbaros
1604 3931 2012 4013 praegestari
2051 3931 2117 4006 in
2170 3932 2309 3995 acie
2349 3947 2498 3995 sunt
2542 3936 2739 3996 soliti.

1241 4031 1457 4114 Hujus
1486 4045 1678 4113 caput
1716 4032 1770 4092 si
1804 4031 2185 4096 conferatur
2213 4056 2360 4115 cum
2398 4055 2513 4109 ec,
2561 4035 2735 4119 quod

1244 4132 1314 4194 in
1367 4148 1714 4216 praesente
1762 4154 1964 4196 numo
2003 4149 2378 4219 comparet,
2425 4138 2742 4199 continuo

1239 4233 1584 4318 utriusque
1630 4235 1984 4302 discrimen
2044 4226 2113 4298 in
2160 4237 2394 4300 oculos
2437 4238 2734 4300 incurrit.

1246 4334 1319 4397 Si
1364 4336 1509 4421 quis
1554 4336 1728 4401 hunc
1785 4352 2013 4422 typum
2072 4338 2152 4399 ad
2195 4340 2532 4403 Dacorum
2573 4339 2740 4404 velit

2542 356 3015 471 DECIVS.

2861 570 3258 656 religionem
3329 587 3604 645 vocare,
3702 577 3921 652 potest
3988 565 4414 649 conjicere,

2863 672 3180 737 adludere
3243 691 3393 732 eum
3456 671 3532 731 ad
3581 670 3847 751 ”asinum
3893 666 4272 753 Apollinis
4321 668 4416 730 in·

2862 791 2965 839 ter
3031 773 3305 855 Scythas
3383 772 3715 838 victimam
3782 778 3980 858 teste.
4021 771 4413 853 Clemente

2859 880 3048 944 Alex.
3095 873 3184 959 1θ).

3032 1007 3269 1092 Φοιβος
3295 1008 3752 1090 Τπερβορεοισιν
3785 1009 3916 1072 ὄνων
3956 1006 4403 1071 ἕπιτελλεται

3458 1119 3484 1173 ι*
3518 1137 3570 1175 οι

3024 1136 3754 1300 Ρῇοεῠηεῌμρὲνόἱ;είε
3790 1219 4148 1278 asinorum
4187 1214 4412 1275 deloc-

3400 1330 3405 1334 ’
3456 1331 3632 1384 tatur
3679 1319 4288 1381 immolationibus.

2860 1491 3107 1554 Confer
3138 1503 3204 1552 et
3226 1489 3623 1553 scholiasten
3655 1485 3923 1548 Pindari
3957 1484 4050 1548 ad
4074 1482 4169 1546 X.
4192 1480 4394 1566 Pyth.

2861 1609 2925 1655 et
2956 1592 3356 1655 Antoninum
3396 1591 3772 1653 Liberalem
3809 1589 3890 1671 c).

2911 1736 2924 1745 ·
2987 1682 3305 1757 Dacia“in
3349 1688 3454 1755 tot
3501 1692 3694 1753 Decii
3746 1690 3962 1752 numis
4004 1701 4400 1773 propterea

2859 1794 3272 1880 frequentius
3349 1808 3788 1869 memoratur,
3890 1793 4231 1874 quoniam
4314 1787 4399 1851 ad

2861 1918 3003 1959 eam
3052 1920 3087 1958 a
3134 1896 3562 1960 barbarorum
3615 1893 4117 1957 incursionibus
4176 1889 4395 1955 vindi·
4442 1904 4447 1909 ·

2864 1998 3173 2076 eandam,
3239 2000 3475 2084 quibus
3525 2010 3659 2060 tum
3722 1998 3776 2057 is
3824 1974 4086 2075 tractus
4130 1996 4401 2057 misere

2860 2101 3256 2174 vexabatur,
3302 2099 3616 2162 intentius
3659 2097 3978 2176 incubuit.
4041 2096 4292 2192 Quare
4326 2109 4394 2159 et

2859 2203 2926 2264 in
2972 2202 3480 2286 epigrammate,
3528 2200 3706 2284 quod
3745 2212 3957 2262 exstat
4000 2199 4200 2282 apud
4239 2200 4391 2281 Mu-

2858 2305 3176 2366 ratorium
3248 2303 3350 2383 d),
3440 2302 3680 2365 dicitur
3754 2298 4392 2370 RESTITVTOR.

2858 2406 3340 2472 DACIARVM.
3410 2405 3804 2488 Epigraphe.
3849 2405 4153 2467 DACIA.
4239 2404 4396 2465 FE-

2858 2508 3010 2569 le
3042 2508 3324 2591 explieat
3355 2507 3579 2568 literas
3603 2508 3684 2567 D.
3717 2507 3791 2567 F.
3813 2550 3830 2579 ,
3878 2525 4047 2589 quae
4089 2507 4168 2566 in
4204 2525 4390 2569 com·

2857 2608 3158 2693 pluribus
3199 2610 3442 2673 Daciae
3475 2607 3690 2670 numis
3720 2607 3964 2669 vexillo
4002 2608 4389 2692 inscriptae

2856 2710 3190 2794 leguntur.
3235 2712 3469 2773 Numi:
3515 2710 4159 2785 DACIA.CAPTA‚
4210 2729 4387 2794 quos

2856 2814 3092 2875 recitat
3128 2813 3593 2877 Mediobarbus
3619 2858 3636 2887 ,
3683 2811 3866 2885 aliis,
3925 2810 4113 2893 quod
4148 2811 4382 2884 sciam,

2858 2914 3106 2977 muscis
3142 2930 3290 2981 sunt
3319 2916 3562 3003 ignoti,
3610 2929 3697 2991 et,
3733 2925 3804 2977 ut
3824 2913 4160 2999 suspicor,
4199 2911 4383 2976 male

2855 3014 3036 3080 lecti.

3417 3160 3457 3201 e
3581 3120 3621 3160 .
3746 3162 3786 3205 un

3151 3226 3234 3286 Vt
3277 3226 3375 3287 lit.
3417 3227 3497 3286 D.
3751 3301 3756 3308 ‚

2857 3321 3381 3392 EXERCITVS.
3439 3324 3930 3394 INLVRICVS.
3978 3322 4045 3385 S.
4095 3323 4175 3388 C.
4228 3325 4376 3385 Mu·

2857 3427 2980 3485 liet
3015 3436 3196 3486 stans
3231 3430 3292 3488 d.
3340 3438 3404 3490 et
3435 3450 3488 3491 s.
3543 3431 3796 3508 siquam
3841 3425 4135 3496 ,militare
4174 3432 4364 3487 tenet.

2855 3524 2995 3587 ΑΕ.
3040 3527 3092 3592 Ι.
3142 3528 3342 3608 (Mus.
3383 3528 3610 3610 Caes).

3147 3649 3233 3707 Vt
3272 3651 3367 3708 lit.
3399 3651 3476 3711 B.

2856 3746 3203 3812 GENIVS.
3242 3749 3565 3814 EXERC.
3602 3735 4173 3820 1LLVR101AN1.
4241 3758 4366 3817 00-

2854 3852 3004 3911 aius
3033 3862 3212 3913 stans
3229 3856 3288 3912 d.
3300 3862 3615 3932 pateram,
3646 3875 3698 3916 s.
3727 3860 4175 3935 οονηασορίαο,
4191 3859 4360 3934 jux·

2856 3961 2925 4012 ta
2958 3955 3212 4033 siqnum
3242 3957 3561 4032 militare,
3608 3958 3678 4016 in
3710 3960 4219 4036 aliispraeterea
4235 3975 4360 4034 atq

2855 4057 3194 4120 adstituta.
3235 4054 3536 4122 AV.AR.
3560 4049 3866 4123 AE.1.'11.
3907 4063 4110 4142 (Mus.
4133 4054 4356 4135 Caes.)

3144 4226 3208 4285 V
3200 4234 3229 4285 t
3267 4226 3361 4285 lit.
3390 4228 3466 4287 B.

2854 4341 3055 4426 GEN·
3074 4343 3483 4428 ILLVmcl.
3514 4350 3756 4413 Genius
3782 4353 4150 4420 seminudus
4164 4357 4344 4410 etam

1252 4617 1259 4620 .
1317 4568 1377 4636 ι)
1418 4566 1749 4629 Commeat.
1783 4566 1857 4629 de
1896 4568 2107 4651 exped.
2141 4570 2304 4648 Trai.
2328 4590 2389 4650 p.
2420 4583 2544 4637 201.

1240 4651 1311 4728 d>
1351 4656 1487 4732 Pag.
1532 4669 1689 4720 1101.
1728 4668 1785 4723 ὅ,

2651 4573 2724 4649 h)
2762 4576 3052 4654 Protrept.
3084 4597 3152 4657 p.
3177 4589 3266 4643 25.
3303 4578 3445 4640 edis.
3478 4581 3678 4644 0202,

3818 4586 3879 4659 c)
3909 4586 4142 4645 Metam.
4169 4601 4220 4641 c.
4247 4588 4331 4639 20.

4465 221 4488 254 ·
4573 43 4587 393 l
