4652 5937
1282 451 1433 519 ΜΒ
2145 514 2151 521 .
2520 410 3164 503 SEVER1NA2

1287 614 1545 677 Graece
1599 609 1903 695 inseripti
1967 606 2250 689 demptis
2299 601 2785 687 Alexandrinis,

1288 735 1454 800 quos
1500 713 1813 777 continuo
1867 709 2325 773 indicabimus.
2407 707 2635 767 Potest
2690 718 2788 765 ta·

1287 835 1439 878 men
1471 814 1556 877 de
1594 813 1788 896 hujus
1831 811 2015 875 numi
2051 808 2184 872 fide
2225 806 2530 872 dubitari.
2615 808 2782 867 Nam

1289 915 1596 990 doceret,
1643 912 2063 988 Severinum,
2116 909 2270 994 quia
2304 908 2373 969 in
2418 907 2547 970 hoe
2580 923 2786 967 numo

1287 1027 1668 1079 consecrata
1756 1014 2031 1089 dicitur,
2120 1023 2291 1073 ante·
2357 1008 2784 1087 Aurelianum

1285 1114 1491 1177 fuisse
1536 1128 1857 1178 mortuam
1884 1160 1901 1190 ,
1949 1134 2099 1177 cum
2142 1123 2359 1173 tamen
2402 1107 2588 1171 numi
2630 1107 2785 1170 Ale·

1282 1214 1586 1280 xandrini
1618 1215 2017 1279 contrarium
2049 1211 2350 1274 doceant.

1564 1312 1857 1383 ΟΤΛΠ.
1938 1305 2499 1379 CCOTHPINA.
2588 1303 2781 1375 ceB.

1566 1422 1736 1497 Ejus
1779 1429 1992 1500 caput.

1284 1520 1364 1587 L.
1405 1520 1474 1585 S.
1512 1523 1622 1586 vel
1650 1521 1703 1584 Z
1744 1525 1949 1585 variis
1978 1520 2168 1601 typis.
2211 1514 2353 1581 ΔΕ.
2387 1513 2469 1574 11.
2504 1513 2615 1575 111.

3020 600 3126 663 Ex
3175 596 3279 661 bis
3314 596 3529 659 numis
3572 574 3941 664 severinae
3983 590 4339 683 gentem
4382 598 4484 658 1⁷1-

2891 705 3078 783 pt'am
3116 713 3459 776 tenemus,
3506 719 3589 762 ex
3633 719 3765 783 quo
3810 700 4212 783 suspicio,
4267 696 4483 759 fnisse

2897 825 3043 869 eam
3104 800 3306 865 filiam
3350 800 3536 886 leii
3591 798 3863 874 Criniti,
3926 801 4063 885 qui
4145 799 4491 863 Aurelia-

2896 927 3052 971 num
3112 904 3484 989 adoptavit,
3539 922 3665 987 qua
3726 901 3813 964 de
3874 902 4320 988 adoptione
4379 921 4490 964 eo-

2897 1007 3084 1092 piose
3118 1006 3258 1083 agit
3288 1004 3635 1090 Vopiscus.
3679 1004 3784 1066 De
3809 1006 4184 1075 annisVI.
4226 1016 4312 1066 et
4327 1004 4486 1069 Vn.

2900 1130 3065 1194 qnos
3124 1108 3195 1169 hi
3250 1106 3434 1169 numi
3492 1108 3764 1181 sistunt,
3841 1106 4044 1184 vide,
4145 1123 4362 1191 quae
4415 1105 4481 1164 in

2896 1209 3237 1272 Aureliani
3270 1222 3533 1270 moneta
3568 1207 3862 1284 adverti,
3908 1228 4059 1292 qno
4102 1208 4310 1272 loco
4342 1226 4482 1279 mo·

2896 1310 3009 1371 nui
3038 1310 3231 1371 etiam
3259 1353 3278 1383 ,
3321 1329 3455 1372 non
3498 1306 3725 1371 haberi
3767 1320 4006 1373 certos
4051 1308 4472 1380 severinae

2898 1429 3134 1477 numos
3170 1430 3321 1494 cum
3353 1409 3539 1474 annis
3581 1408 3751 1478 aliis.
3931 1421 3942 1427 ’

2583 1795 2790 1883 ΡΒΕ
2814 1797 2918 1858 TI
2934 1797 2999 1857 V
3009 1797 3097 1857 Μ.

1871 1913 2087 1983 Aurei
2192 1952 3428 1987 .............
3511 1911 3719 1977 mut.

1868 2018 2198 2101 Argentea
2330 2056 3430 2082 ...........
3516 2014 3603 2078 Ο.

1869 2116 2101 2193 Aeaei,
2127 2117 2158 2177 1
2161 2158 3430 2185 .............
3512 2117 3725 2181 RRR.

1868 2220 2082 2283 Aeuei
2130 2220 2213 2280 11.
2336 2258 3431 2287 ...........
3457 2212 3462 2223 ’
3513 2221 3599 2282 R.

1871 2320 2085 2381 Aenei
2128 2321 2221 2381 111
2229 2359 3315 2386 ...........
3359 2386 3368 2393 ,
3405 2362 3425 2383 .
3510 2320 3583 2384 C.

1874 2419 2303 2483 Alexandrini
2442 2463 2462 2484 .
2505 2417 2531 2439 ⁴
2547 2461 3430 2487 .........
3514 2422 3596 2485 R.

2186 2743 2308 2803 PR
2326 2716 2696 2804 menos
2715 2740 2772 2802 S
2853 2740 3050 2803 PAL
3074 2742 3148 2803 Μ
3168 2740 3290 2802 Ya
3309 2742 3462 2804 ΑΕ.

1400 2938 1705 3004 Gallieno
1738 2936 2102 3019 imperante
2140 2932 2305 2998 vidit
2336 2933 2580 2999 Oriens
2598 2908 2781 3019 prin-

1275 3044 1498 3126 cipes,
1541 3038 1654 3122 qui
1689 3055 1818 3097 non
1859 3034 2141 3097 aliorum
2188 3035 2598 3116 ejus'aetatis
2639 3057 2778 3099 mo·
2819 3113 2824 3118 Ι

1273 3161 1352 3204 re
1393 3160 1516 3224 per
1576 3134 1797 3200 scelus
1856 3135 2207 3218 imperium
2250 3137 2596 3210 invasere,
2657 3137 2799 3213 sed,

1276 3242 1558 3329 primum
1616 3241 1829 3301 Roma
1888 3239 2032 3321 ipsa
2108 3237 2550 3322 approbante,
2620 3260 2775 3301 mox

1150 3355 1153 3360 ’
1276 3341 1474 3410 etiam
1520 3337 1914 3403 connivente
1975 3339 2257 3422 Augusti
2314 3341 2581 3404 titulum
2626 3341 2776 3424 jure

1268 3461 1574 3509 tenuere.
1626 3442 1881 3502 Eorum
1917 3440 2109 3505 sedes
2127 3443 2475 3524 Palmyrae
2503 3442 2628 3505 fuit
2672 3463 2777 3506 re-

1190 3595 1195 3598 .
1273 3545 1490 3632 gionis
1537 3541 1949 3626 cognominis
1987 3543 2152 3605 urbe
2195 3543 2497 3627 principe
2544 3563 2773 3605 versus

1271 3647 1679 3732 Euphratem
1714 3643 1903 3708 sitae.
1961 3648 2266 3729 Magnam
2297 3664 2529 3707 eorum
2560 3643 2770 3705 fuisse

1267 3748 1666 3835 potentiam,
1731 3759 2120 3827 argumento
2181 3757 2318 3818 est,
2378 3744 2555 3828 quod
2613 3746 2773 3805 Per-

1268 3851 1433 3914 siam
1478 3849 1685 3932 ipsam
1730 3857 1992 3908 terrore
2038 3845 2505 3926 complevere,
2551 3863 2627 3906 ac
2661 3844 2772 3907 de-

1269 3949 1427 4012 inde
1473 3969 1623 4013 cum
1665 3943 1985 4009 Romanis
2020 3945 2184 4030 ipsis
2226 3945 2567 4030 congressi
2610 3966 2771 4010 non·

2890 2948 3032 2999 tum
3093 2954 3177 3000 ex
3234 2931 3793 2998 substructionum
3854 2926 4404 3022 Palmyrenarum

2890 3038 3224 3123 hodieque
3257 3037 3678 3121 superstitum
3699 3038 4040 3124 stupendis
4068 3042 4399 3128 reliquiis,

2891 3161 3052 3224 quas
3099 3139 3461 3202 delineatae
3507 3137 3656 3202 vide
3700 3143 3783 3204 ab
3832 3142 4118 3206 eruditis
4163 3144 4404 3228 Anglis

2888 3239 3205 3304 Dawkins
3265 3253 3335 3303 et
3378 3240 3603 3305 Wood
3659 3258 3814 3307 ante
3857 3264 4061 3307 annos
4124 3246 4404 3309 circiter

2888 3343 2969 3407 L.
3015 3343 3145 3404 huc
3190 3341 3532 3426 profectis.

3015 3445 3267 3506 Eorum
3300 3463 3412 3505 res
3451 3457 3666 3528 gestas
3703 3443 4121 3530 descripsere
4159 3468 4248 3510 ex
4297 3468 4410 3511 ve·

2889 3544 3143 3608 teribus
3184 3545 3489 3607 Zosimus
3518 3543 3624 3628 Β),
3685 3547 4063 3611 Trebellius
4090 3549 4200 3630 ο),
4261 3550 4408 3617 Vo-

2889 3643 3270 3728 piscusd),
3309 3650 3598 3710 Zonaras
3629 3651 3729 3726 ⁰),
3774 3647 4203 3733 minoresque
4256 3650 4401 3726 alii,

2894 3745 3011 3807 sed
3045 3761 3231 3810 sueto
3269 3748 3463 3829 hujus
3497 3749 3643 3811 aevi
3675 3749 4104 3834 scriptoribus
4142 3751 4405 3814 dissen-

2894 3868 3008 3922 su,
3055 3869 3185 3932 quo
3231 3846 3512 3932 factum,
3557 3864 3631 3913 ut
3675 3853 3951 3915 multum
4001 3855 4254 3936 negotii
4299 3853 4403 3916 fa-

2890 3963 3228 4012 cesserent
3273 3947 3587 4028 eruditis,
3633 3972 3784 4016 cum
3815 3972 4049 4017 eorum
4093 3955 4401 4018 testimo·

1263 4051 1398 4115 nisi
1439 4069 1647 4135 aegre
1684 4047 1843 4112 vieti
1885 4059 2062 4111 sunt.
2120 4048 2374 4108 Eorum
2399 4067 2563 4112 vero
2607 4066 2767 4133 opes
2881 4049 2988 4112 nia
3038 4071 3188 4113 cum
3231 4050 3449 4113 numia
3511 4052 3748 4117 borum
3811 4055 4183 4139 principum
4229 4076 4396 4118 con·

1076 4167 1133 4198 ·-
1264 4152 1663 4218 domesticas
1694 4171 1771 4216 ac
1798 4146 2350 4233 magnificentiam
2390 4148 2767 4233 colligimus
2880 4150 3252 4216 tenderent.
3354 4153 3444 4219 Vt
3515 4157 3915 4221 remotiores
3985 4155 4386 4232 Tristanum,

1269 4275 1354 4319 ex
1400 4253 1726 4338 vopisco,
1787 4264 2186 4336 reportatam
2246 4252 2419 4315 victa
2473 4251 2766 4316 Zenobia
2881 4253 3391 4338 spanhemium,
3436 4257 3887 4332 Harduinum,
3955 4257 4387 4331 Bandurium,

1271 4356 1504 4420 avitam
1553 4355 1864 4436 praedam
1913 4353 2182 4437 copiose
2229 4351 2648 4418 describente
2679 4353 2760 4432 ⁸),
2859 4354 3309 4424 .Vaillantium
3348 4352 3441 4441 f),
3502 4357 3954 4423 Santinellum.
3985 4361 4048 4441 κ)
4109 4371 4391 4434 taceam,

1297 4497 4363 4532 mamm—*m*

1352 4588 1409 4654 a)
1450 4583 1512 4638 in
1550 4581 1895 4639 Aureliano,
2039 4581 2113 4646 b)
2144 4584 2191 4637 L
2247 4583 2287 4638 1.
2451 4584 2512 4652 c)
2558 4582 2617 4636 in
2655 4581 2982 4651 Gallionis,
3021 4586 3351 4658 Tyrannis‚
3393 4586 3667 4645 Claudio.
3830 4586 3900 4658 d)
3945 4589 4004 4645 in
4044 4589 4387 4649 Aureliano.
4447 4629 4452 4632 -

1282 4681 1346 4747 e)
1384 4671 1446 4729 iu
1490 4668 1770 4729 Annalib.
1881 4667 1934 4741 s)
1976 4672 2146 4730 Mem.
2174 4674 2240 4731 B.
2278 4673 2343 4729 1..
2373 4673 2440 4732 T.
2473 4671 2545 4731 11.
2581 4692 2643 4750 p.
2674 4683 2800 4739 531.

934 5877 983 5892 .·.
1006 5869 1333 5893 κ’*ζῌᾼ
1694 5877 1807 5895 «¹5ss
1950 5889 1963 5894 -
2192 5889 2255 5937 a.
2523 5885 2706 5937 s..-7m
2731 5887 2832 5895 4-...7

2927 4678 2990 4750 g)
3031 4675 3308 4738 Raccolta
3345 4676 3404 4734 di
3441 4676 3730 4756 Calogera
3764 4679 3830 4737 Τ.
3853 4680 3972 4766 ΙΧ.
4004 4700 4066 4756 p.
4093 4694 4165 4753 95
