4652 5937
1248 398 1664 477 DIDIVS
1763 397 2367 477 IVLIANVS.
2430 433 2545 476 ··.

527 582 859 653 IVLIAN.
908 579 1105 650 AVG.
1155 589 1357 667 caput
1395 589 1755 650 laureatum

534 693 616 753 ὄπ
655 694 803 764 ΑΕ.
849 691 907 751 I.

994 788 1035 828 s

828 832 868 871 s
1157 832 1197 870 s

184 891 712 956 CONCORD.
768 891 1042 951 MtLl'r.
1091 893 1325 952 Mulier
1377 902 1559 954 stans
1612 911 1754 954 cum

192 999 397 1060 binis
419 998 659 1074 siquis
677 995 1089 1055 militaribus.
1130 993 1268 1060 AV.
1289 993 1426 1055 AR.
1447 992 1583 1056 AE.
1603 993 1650 1051 1.
1673 993 1753 1052 11.

198 1099 443 1178 (Mus.
502 1094 732 1172 Caes.)
1047 1113 1052 1116 ·

195 1201 282 1262 P.
339 1202 448 1259 M.
510 1199 660 1256 ΤΒ.
706 1197 779 1255 Ρ.
828 1192 1017 1256 COS.
1063 1199 1299 1258 Mulier
1329 1205 1510 1256 stans
1543 1198 1609 1256 d.
1640 1216 1756 1273 qu·-

202 1300 672 1368 Oernaeulum
690 1341 707 1371 ,
739 1319 790 1360 s.
818 1302 1257 1377 cornucopiae.
1286 1299 1423 1365 AV.
1443 1298 1582 1360 AR.
1614 1297 1753 1358 ΑΕ.

206 1404 265 1465 1.
314 1402 410 1460 11.
468 1402 688 1478 (Mus.
724 1399 940 1473 Caes.)

207 1501 650 1566 RECTOR.
709 1500 996 1563 ORBIS.
1101 1503 1455 1580 Imperator
1506 1502 1756 1562 velatus

210 1617 418 1667 stans
443 1648 463 1677 ,
516 1606 628 1676 (in
659 1606 878 1663 aeneis
909 1608 1163 1678 sedens)
1203 1608 1264 1663 d.
1292 1604 1572 1683 ytobum.
1616 1601 1756 1666 AV.

215 1709 372 1769 AR.
410 1706 572 1767 AE.
614 1705 662 1762 1.
712 1705 916 1780 (Mus.
950 1704 1168 1784 Caes.)

356 1809 525 1867 Hos
568 1803 748 1865 solos
781 1803 1010 1865 Iuliani
1042 1803 1288 1886 probae
1320 1802 1477 1864 fidei
1523 1823 1756 1864 numos

218 1907 416 1971 novi.
469 1905 746 1980 Alium,
823 1906 940 1967 sed
988 1906 1099 1988 qui
1154 1906 1368 1967 media
1418 1905 1517 1965 sui
1571 1917 1756 1987 parte

227 2007 316 2070 ad
361 2008 770 2069 Scantillam
803 2007 1120 2090 pertinet,
1166 2007 1231 2067 in
1270 2007 1460 2089 hujus
1496 2018 1757 2067 moneta

226 2109 580 2173 recitabo.
687 2110 789 2168 Ex
853 2108 1030 2169 omni
1094 2106 1236 2190 ejus
1290 2121 1555 2170 moneta
1631 2106 1761 2168 soli

227 2209 428 2272 numi
468 2210 801 2294 postremi
845 2228 966 2293 per
1022 2208 1516 2293 inscriptionem
1556 2209 1762 2269 REC—

232 2311 460 2375 TOR.
511 2309 783 2373 ORBIS
822 2311 1322 2386 memorabiles,
1371 2329 1537 2394 quae
1586 2328 1760 2372 nunc

236 2413 548 2496 primum
598 2413 920 2488 occurrit,
984 2435 1019 2473 a
1071 2412 1296 2496 paucis
1343 2410 1620 2472 subinde
1659 2431 1765 2472 re·

236 2528 512 2577 vocata.
581 2515 727 2595 Ipsa
771 2528 893 2594 per
936 2533 1005 2575 se
1054 2527 1247 2599 captu
1292 2513 1507 2576 facilis
1556 2511 1766 2597 expli-

240 2614 514 2676 catione
543 2634 680 2675 non
712 2626 887 2697 eget.

523 2839 729 2898 Numi
768 2840 1101 2900 commatis
1134 2839 1482 2917 pereyrim‘.

375 3021 456 3083 ld
496 3042 711 3105 genus
752 3021 934 3084 numi
975 3020 1187 3083 adhuc
1235 3042 1370 3084 non
1404 3021 1757 3098 observati,

253 3121 377 3184 nisi
398 3123 586 3207 quod
608 3143 821 3205 nuper
846 3144 1012 3183 unus
1033 3123 1353 3195 Sestinius
1375 3142 1602 3183 eorum
1626 3136 1761 3184 tres

251 3226 591 3307 vulgavit,
673 3246 873 3286 unum
925 3224 1222 3286 coloniae
1271 3225 1600 3307 Apameae
1650 3223 1759 3284 Bi-

254 3324 523 3405 thyniae
564 3327 657 3404 ⁸),
757 3324 1252 3409 Aphrodisiadis
1327 3326 1589 3405 Cariae,
1692 3339 1759 3388 ct

253 3427 778 3491 Alexandrinum
811 3425 898 3506 b).
992 3427 1126 3489 Sed
1174 3429 1412 3492 horum
1468 3428 1758 3492 omnium

260 3546 632 3613 suspectam
687 3527 882 3593 fidem
930 3544 1107 3613 puto.
1165 3529 1372 3607 Vide,
1418 3550 1584 3615 quae
1624 3529 1759 3591 dixi

260 3632 325 3689 in
348 3632 570 3695 numis
588 3630 1050 3696 Alexandrinis
1072 3630 1358 3693 Achillei
1385 3630 1644 3713 tyranni
1676 3630 1756 3709 t⁸).

606 3849 981 3929 Nomina,
1037 3868 1130 3917 ac
1182 3846 1413 3917 tituli.

641 4054 916 4114 Severus
933 4094 951 4126 ,
1000 4048 1388 4113 Commodus.

392 4237 621 4296 Severi
638 4254 878 4297 nomen
899 4232 1185 4317 suscepit
1206 4232 1287 4294 ab
1311 4250 1454 4307 avc,
1489 4243 1557 4295 et
1574 4248 1763 4314 proa-

273 4349 386 4408 ΥΟ,
455 4349 532 4399 nt
586 4336 679 4398 ait
727 4335 1104 4420 Spartianus
1135 4333 1221 4415 d).
1306 4332 1442 4396 Sed
1503 4352 1624 4395 cur
1681 4332 1761 4407 is,

347 4569 408 4636 a)
445 4569 676 4625 Lettere
714 4569 879 4623 Tom.
911 4569 1010 4626 111.
1051 4589 1111 4645 p.
1149 4577 1234 4630 13.

285 4655 340 4722 e)
377 4656 487 4715 Dio
516 4657 580 4714 L.
614 4657 877 4715 LXXIII.
919 4662 949 4732 ᾗ
987 4671 1076 4721 12.
1115 4658 1437 4719 Herodian.

111 5786 592 5812 ...n-*um
667 5796 676 5805 ⁵
767 5792 800 5801 Ἰ·
925 5808 934 5813 ..
985 5800 1006 5811 Δ*
1053 5786 1262 5799 fl*-
1297 5800 1344 5811 5-ss
1385 5800 1458 5811 -.,-.-.

1399 4563 1469 4643 b)
1508 4565 1739 4625 Lettere
1775 4566 1942 4623 Tom.
1971 4565 2074 4626 lv.

3218 429 3356 508 149

1867 584 2046 668 quod
2095 606 2255 670 prae
2307 584 2605 649 manibus
2664 584 2897 668 habet,
2967 609 3049 658 ex
3096 610 3358 662 remoto

1866 685 2067 770 petit,
2129 706 2274 749 cum
2326 688 2559 751 eodem
2603 702 2772 750 teste
2833 704 2899 752 et
2934 707 3121 776 pater
3159 699 3361 762 Seve-

1867 807 1979 846 rus
2017 785 2231 849 dictus
2267 788 2398 851 sit?
2458 787 2658 854 Addit
2692 789 2925 855 eodem
2955 795 3144 861 loco:
3207 820 3359 863 cum

1870 890 2097 950 consul
2130 889 2506 975 designatus
2527 895 2790 955 Didium
2812 898 3136 962 Iulianum
3167 905 3362 980 impe·

1868 1000 2143 1053 rator-em
2160 991 2226 1053 in
2242 993 2422 1055 curia
2442 993 2880 1077 proclamaret
2900 1042 2919 1073 ,
2953 1003 3359 1087 suggessisse

1871 1090 2227 1155 Iulianum:
2272 1100 2439 1157 adde
2454 1099 2832 1158 etSeverum
2855 1141 2872 1173 ,
2920 1103 3097 1182 qnod
3122 1106 3359 1170 ominis

1870 1190 2075 1254 instar
2115 1195 2407 1256 habitum
2440 1195 2583 1257 fuit.
2629 1199 2885 1260 Nomen
2924 1199 3096 1264 istud
3156 1206 3363 1267 omni-

1867 1293 1991 1355 bus
2020 1297 2240 1357 aeneis
2273 1299 2319 1361 1.
2360 1296 2613 1358 formae
2646 1298 3026 1383 inscriptum
3049 1305 3313 1388 legitur.

1992 1400 2311 1460 Commodi
2329 1419 2568 1459 nomen
2586 1400 2835 1461 Iuliano
2854 1402 3151 1467 indidere
3176 1428 3362 1490 prae·

1870 1497 2108 1560 toriani
2150 1518 2230 1559 ex
2264 1497 2506 1561 affectu
2542 1499 2607 1559 in
2651 1501 3019 1588 principem
3051 1507 3175 1568 sibi
3223 1530 3362 1572 mo-

1870 1597 2054 1659 ribus
2087 1598 2492 1661 simillimum
2525 1601 2608 1679 0).
2667 1601 2830 1683 Ejus
2877 1607 3207 1671 mentione
3252 1609 3359 1671 ab·

1872 1699 2122 1786 stinent·
2161 1701 2345 1761 numi
2387 1724 2423 1763 a
2464 1702 2623 1764 viris
2677 1703 3169 1792 circumspectis
3224 1712 3363 1773 vul-

1874 1801 2026 1882 gati.
2090 1803 2160 1862 In
2197 1802 2434 1864 horum
2464 1821 2740 1868 numero
2774 1807 2829 1868 si
2862 1809 3360 1872 Mediobarbum

1870 1902 2127 1986 putabis
2143 1947 2159 1977 ,
2201 1903 2524 1967 Iulianum
2558 1925 2643 1969 ex
2659 1910 2872 1998 numia
2890 1931 3148 1999 quoque
3170 1912 3363 1976 Com·

1873 2003 2142 2066 modum
2168 2004 2467 2070 habebis.

2500 2230 2761 2324 Pius..

2007 2404 2243 2478 GTcsss
2255 2431 2322 2482 ης
2339 2409 2579 2473 dicitur
2597 2412 2664 2473 in
2685 2434 2880 2477 numo
2898 2415 3362 2495 Alexandrino,

1879 2528 2074 2593 quem
2094 2511 2384 2591 vulgavit
2401 2513 2719 2574 Sestinius
2742 2560 2757 2588 ,
2793 2517 2910 2578 sed
2942 2517 3024 2580 de
3059 2541 3187 2603 quo
3214 2522 3364 2584 vide

1879 2631 2097 2671 meum
2131 2609 2445 2688 judicium
2481 2614 2544 2673 in
2581 2614 2704 2677 hac
2742 2637 3089 2680 numorum
3130 2621 3361 2688 classe.

1880 2707 1986 2773 De'
2027 2733 2226 2773 numo
2269 2714 2766 2795 Aphrodisiadis
2805 2739 2967 2782 cum·
2998 2720 3236 2783 eodem
3290 2725 3368 2785 ti·

1872 2813 2014 2876 tulo
2032 2813 2255 2897 paullo
2293 2834 2488 2898 supra
2520 2817 2796 2903 egimus.

2462 3042 2785 3103 Consuk

2000 3216 2289 3279 Iulianus
2353 3219 2418 3280 in
2475 3224 2692 3285 iinmis
2758 3228 3058 3292 omnibus
3115 3234 3363 3316 probae

1871 3314 2027 3380 fidei
2063 3296 2253 3381 COS.
2293 3321 2683 3403 simpliciter
2737 3324 3150 3405 inscribitur;
3215 3358 3364 3397 nam

1872 3418 2290 3482 Mediobardi
2324 3442 2593 3485 numum
2634 3426 3017 3511 inscriptum
3057 3433 3246 3498 COS.
3285 3439 3364 3497 11.

1874 3520 2346 3606 negligendum
2401 3525 2727 3590 existimo.
2776 3532 3024 3594 Tamen
3063 3554 3145 3595 ex
3179 3538 3370 3619 Spar-

1873 3624 2030 3686 tiani
2092 3625 2519 3703 testimoniis,
2594 3649 2761 3712 quae
2823 3630 2889 3691 in
2940 3635 3227 3710 Iuliano,
3304 3654 3372 3701 et

1877 3724 2129 3788 Severo
2167 3726 2406 3803 refert,
2455 3727 2741 3791 lulianus
2780 3744 2915 3809 ter,
2977 3751 3086 3798 aut
3107 3739 3369 3800 ’saltem

1872 3824 1977 3886 bis
2025 3827 2349 3908 processit
2394 3831 2643 3891 consul.
2708 3833 3213 3913 Tillemontius,
3257 3841 3370 3924 qui

1878 3925 2145 3988 dubium
2165 3927 2378 4001 istud,
2426 3929 2543 3991 sed
2570 3932 2894 3995 incassum
2928 3937 3240 4020 expedire
3261 3961 3373 4002 co·

1876 4042 2105 4104 natur,
2184 4028 2484 4091 incusare
2551 4030 2676 4094 hoc
2732 4031 2884 4097 loco
2944 4050 3016 4099 ut
3077 4053 3146 4101 et
3210 4042 3368 4103 alias

1878 4147 2111 4211 saepe,
2176 4129 2574 4212 scriptorum
2629 4134 3034 4200 oscitantiam
3087 4142 3366 4225 cogitur,

1879 4248 2158 4313 quorum
2209 4232 2473 4294 residua
2514 4254 2717 4316 opera
2770 4235 3105 4303 historiam
3144 4244 3365 4327 Augu-

1881 4344 2044 4395 stam
2071 4348 2476 4417 componunt
2517 4337 2593 4415 f),
3302 4342 3311 4347 ’

2239 4571 2301 4641 c)
2340 4568 2610 4632 v01.1v;
2650 4590 2708 4649 p.
2739 4575 2834 4646 96.
3010 4574 3082 4651 d)
3124 4579 3269 4657 Cap.
3310 4593 3359 4644 2⁷.

1531 4701 1538 4704 .
1625 4658 1678 4732 I]
1720 4655 1869 4716 Nola
1905 4656 1947 4714 1.
1989 4654 2067 4712 ad
2102 4655 2398 4717 Severum.
