4652 5937
1269 443 1422 519 ³22.

1259 610 1449 689 fecti,
1496 611 1662 677 etad
1696 614 2019 678 stinmum
2040 613 2372 702 fastigium
2394 659 2413 694 ‚
2459 637 2589 703 quo
2626 633 2768 683 ten-

1266 713 1431 777 dere
1494 714 1790 779 conditio
1843 718 2141 780 mortalis
2204 730 2461 802 potest,
2525 719 2802 786 virtute*

1262 835 1343 879 ae
1393 815 1743 881 tolerantia
1792 819 1994 883 enixi.
2084 824 2246 883 Tam
2317 821 2764 886 memorabilis

1248 915 1529 980 *fortuna
1602 917 1770 979 nulli
1843 912 2124 1003 imperio
2197 933 2328 983 tam
2397 922 2766 1001 liberaliter

1266 1035 1343 1079 ae
1391 1017 1663 1102 profuse
1700 1037 2021 1109 ‘concessa
2067 1021 2369 1084 omnibus
2421 1025 2601 1087 orbis
2656 1048 2762 1091 co·

1265 1117 1431 1200 gniti
1483 1121 1787 1202 gentibus
1849 1135 1959 1183 aut
2012 1122 2265 1209 servire
2323 1126 2605 1203 coactiS,
2651 1144 2761 1192 aut

1256 1218 1346 1281 ad
1378 1240 1618 1283 nomen
1666 1224 1745 1283 R.
1792 1222 2167 1307 trepidare,
2210 1226 2592 1290 merebatur
2623 1251 2762 1292 om·-

1259 1306 1475 1382 nibus‘
1506 1322 1960 1399 caerimoniis,
2019 1327 2609 1409 gratulatione,-ac
2660 1333 2760 1394 lu·

1262 1418 1500 1483 dorum
1553 1423 2037 1507 magnificentia
2072 1427 2422 1490 celebrari.
2509 1424 2801 1517 Coepe-‘

1258 1534 1361 1583 rat
1403 1522 1458 1583 is
1509 1545 1714 1587 annus
1766 1548 1801 1587 a
1833 1527 2205 1609 parilibus,
2240 1532 2378 1594 sive
2427 1531 2536 1594 die
2582 1536 2755 1599 xxl.

1260 1623 1508 1704 Aprilis
1569 1625 1716 1685 anni
1774 1629 2077 1710 proxime
2137 1631 2381 1714 elapsi,
2463 1636 2576 1718 qui
2632 1635 2758 1698 fuit

1257 1738 1408 1808 post
1442 1725 1774 1787 Christum
1822 1740 2044 1788 natum
2092 1740 2248 1812 247,
2296 1748 2365 1795 et
2405 1736 2608 1797 exivit
2647 1756 2761 1798 eo·-

1261 1823 1415 1885 ‹lem
1473 1824 1578 1886 die
1627 1824 1777 1887 anni
1831 1832 2216 1909 praesentis.
2323 1837 2394 1894 ln
2447 1836 2755 1900 ludorum

1259 1924 1472 2023 omnis
1527 1927 1791 2008 generis
1844 1929 2030 2012 copia
2075 1943 2140 1992 et
2174 1931 2444 2018 ingente
2492 1961 2757 2023 appara·

1255 2036 1330 2084 tu
1398 2026 2132 2112 conspirant-quidem,
2213 2036 2324 2119 qui
2383 2054 2753 2120 supersunt,

1256 2138 1561 2188 auctores
1627 2143 1925 2205 veteres,
1989 2153 2221 2196 verum
2286 2136 2356 2196 in
2407 2161 2573 2200 anno
2629 2141 2757 2202 dis·

1256 2226 1580 2302 sentiunt,
1629 2236 1758 2313 quo
1802 2231 2120 2296 celebrati
2164 2236 2232 2297 lu’
2277 2237 2437 2299 ludi.
2500 2242 2751 2302 Eorum

1253 2326 1339 2390 D.
1385 2328 1829 2410 Hieronymus
1881 2334 1961 2394 ad
1994 2358 2196 2399 annos
2239 2353 2388 2422 post
2420 2339 2749 2402 Christum

1254 2428 1379 2501 245
1417 2442 1482 2491 et
1534 2430 1655 2503 246
1690 2434 2007 2499 meminit.
2076 2438 2357 2504 Orosius
2395 2455 2461 2501 et
2493 2444 2753 2503 lornan-

1254 2526 1373 2591 ‹les
1402 2531 1791 2592 constitutos
1839 2534 2149 2601 adserunt
2194 2556 2426 2605 exacto
2460 2542 2750 2626 Philippi

1252 2627 1579 2706 triennio,
1624 2633 1802 2714 quod
1852 2656 2084 2701 revera
2146 2641 2213 2701 in
2259 2664 2496 2704 annum
2545 2647 2618 2705 P.
2667 2645 2748 2705 X.

1250 2738 1407 2811 247,
1458 2749 1576 2792 seu
1622 2732 1835 2816 ipsum
1890 2760 2126 2803 annum
2172 2744 2594 2807 millesimum
2643 2766 2750 2807 ca·

1252 2830 1371 2893 dit.
1435 2832 1805 2915 Capitolino
1859 2841 1984 2904 ami
2040 2840 2351 2909 dicuntur
2392 2846 2460 2907 in
2516 2866 2750 2909 consu-

1245 2931 1385 2996 latu
1447 2933 1909 3018 Philipporum
1979 2943 2075 3021 ⁸),
2151 2946 2744 3027 orationeaedubia,

1247 3052 1400 3096 nam
1451 3033 1708 3110 duobus
1762 3039 1943 3101 annis
1993 3044 2357 3122 continuis,
2402 3057 2641 3132 nempe
2667 3052 2743 3114 P.

1247 3134 1334 3196 X.
1363 3140 1487 3214 247
1538 3148 1603 3196 et
1649 3136 1770 3210 248
1816 3161 1943 3203 una
1990 3163 2380 3224 processere
2415 3152 2741 3213 consules.

1242 3236 1328 3294 At
1376 3233 1775 3299 cassiodoro
1830 3239 2209 3309 consulibus
2263 3250 2627 3314 Aemiliano
2676 3269 2743 3317 et

1242 3333 1597 3419 Aquilino,
1661 3340 1773 3423 qui
1843 3362 2232 3425 processere
2300 3372 2470 3412 anno
2526 3331 2601 3414 P.
2661 3356 2738 3415 Χ.

1244 3444 1392 3514 249.
1456 3436 1527 3497 Si
1568 3437 1773 3502 ludos
1799 3442 1922 3505 hos
1954 3464 2035 3506 ex
2071 3449 2354 3512 nominis
2398 3452 2552 3536 lege
2594 3475 2738 3536 spe-

1207 3550 1423 3612 -.ct·es,
1485 3539 1857 3605 celebratos
1924 3548 2216 3629 oportuit
2280 3572 2450 3614 anno
2517 3556 2595 3618 P.
2661 3555 2741 3615 X.

1240 3644 1367 3714 247
1397 3679 1417 3713 ,
1461 3637 1770 3703 nimirum
1810 3665 1978 3706 anno
2012 3647 2155 3731 ipso
2192 3651 2561 3716 millenario
2586 3698 2604 3730 ,
2650 3669 2743 3717 εει

1238 3757 1370 3819 que
1407 3739 1770 3806 secundum
1810 3744 1978 3810 lianc
2017 3748 2232 3833 legem
2269 3767 2449 3815 actos
2485 3773 2601 3818 eos
2633 3777 2741 3817 an·

1238 3858 1328 3899 no
1370 3842 1453 3908 V.
1508 3842 1762 3909 C.·800
1820 3867 1858 3908 a
1917 3849 2191 3912 Claudio
2249 3868 2524 3917 constat.
2612 3861 2740 3920 Re-

1234 3958 1397 4004 vera
1442 3943 1805 4023 Baronius‚
1869 3949 2110 4033 aliique
2157 3956 2459 4017 nonnulli
2502 3975 2730 4019 recen-

1236 4039 1444 4103 tiores
1506 4045 1789 4109 eundem
1853 4070 2091 4112 annum
2160 4063 2286 4135 247
2341 4057 2736 4124 maluerunt.

2443 431 3090 519 PHILIPPVS
3162 432 3220 507 I.
3335 540 3345 557 ἡ

2880 620 2985 684 lus
3030 637 3200 684 anno
3257 617 3483 703 priore
3529 616 4117 705 signatusf‘horum
4163 613 4383 684 solen-

2878 722 3059 783 nium
3096 720 3494 785 mentionem
3546 721 3734 798 facit,
3779 737 3845 787 at
3899 723 4218 793 habemus
4268 744 4381 789 co-

2879 824 3139 906 piosos,
3209 822 3322 908 qui
3369 842 3519 885 cum
3568 823 3673 885 his
3725 823 3899 887 ludis
3958 826 4376 889 consulatum

2879 926 2989 985 111.
3027 924 3318 1008 Philippi
3371 924 3605 1008 patris,
3652 939 3763 987 aut
3810 927 3889 986 ll.
3929 923 4049 988 filii
4099 925 4374 1009 conjun-

2881 1038 3079 1109 gunt,
3127 1045 3294 1109 quae
3325 1039 3476 1088 sunt
3527 1037 3711 1089 certa
3752 1026 3992 1089 indicia
4032 1028 4184 1088 anni
4219 1042 4373 1110 post

2863 1126 3209 1190 -Christum
3272 1128 3422 1203 248.
3504 1128 3819 1191 Ceterum
3874 1146 4091 1212 neque
4131 1129 4374 1196 Victor

2869 1229 3258 1292 adversatur
3317 1249 3516 1293 ,anno
3604 1252 3844 1293 annum
3922 1229 4371 1294 millenarium

2859 1329 3343 1413 consequenti,
3384 1353 3534 1395 nam
3586 1332 3887 1416 queritur
3930 1330 4031 1411 ¹²),
4095 1353 4211 1394 sua
4264 1349 4371 1395 ae-

2874 1443 3007 1491 tate
3050 1448 3198 1512 post
3240 1454 3442 1495 annos
3505 1434 3688 1495 mille
3734 1432 4167 1496 centesimum
4211 1452 4372 1496 con·

2875 1531 3017 1593 sule
3063 1512 3373 1618 Philippo
3409 1534 3804 1609 excessisse,
3848 1533 4091 1610 nullis,
4134 1535 4231 1596 uti
4263 1553 4370 1596 so-

2872 1624 2998 1706 let,
3046 1634 3430 1697 solennibus
3457 1634 3966 1719 frequentatum.
4010 1636 4097 1698 At
4126 1634 4235 1697 hic
4254 1636 4362 1698 Fl.

2871 1734 3162 1818 Philippi
3217 1737 3592 1799 consulatus
3646 1737 3820 1800 cadit
3866 1738 3932 1799 in
3988 1758 4228 1802 annum
4278 1737 4363 1801 V.

2864 1837 2950 1898 C.
3007 1857 3157 1898 noi
3212 1841 3285 1899 P.
3327 1838 3409 1899 X.
3460 1837 3624 1914 348,
3683 1838 3860 1923 quod
3905 1836 4367 1922 argumentum

2867 1936 2999 2021 jam
3052 1939 3269 2003 attulit
3296 1940 3761 2003 Tillemontius
3805 1942 3887 2020 0).
3945 1942 4050 2002 Ex
4088 1959 4221 2023 quo
4251 1958 4365 2022 ap·

2867 2054 3055 2122 paret
3074 2085 3091 2116 ,
3136 2041 3552 2105 constituisse
3569 2041 3945 2127 Philippum
3968 2040 4229 2105 nonnisi
4250 2060 4364 2103 ex·

2870 2141 3030 2204 actis
3064 2143 3248 2205 annis
3268 2144 3452 2205 mille
3478 2142 3602 2206 hos
3620 2144 3812 2206 ludos
3833 2163 4181 2229 peragere.
4210 2144 4362 2207 Cas·
4459 2201 4472 2204 ,

2868 2242 3169 2304 siodorus
3204 2255 3273 2304 et
3308 2244 3750 2327 Hieronymus
3780 2259 4122 2322 testantur,
4164 2244 4360 2307 ludos

2866 2343 3220 2406 theatrales
3279 2345 3352 2407 in
3404 2348 3647 2430 Campo
3696 2341 3935 2408 Martio
3985 2347 4360 2410 celebratos

2867 2445 3075 2507 tribus
3117 2445 3347 2510 diebus
3395 2468 3471 2511 ac
3516 2447 3818 2510 noctibus
3863 2451 4112 2533 populo
4139 2451 4358 2533 perri·
4427 2488 4432 2495 ·

2866 2545 3147 2633 gilante,
3197 2569 3327 2632 quo
3369 2535 3725 2625 docemur,
3772 2563 3914 2612 acta
3957 2565 4094 2612 tum
4142 2570 4223 2613 ea
4252 2570 4356 2613 es·

2847 2666 2936 2715 ¹se
2957 2692 2973 2721 ‚
3021 2667 3187 2731 quae
3214 2648 3388 2711 ludis
3421 2642 3862 2714 saecularibus
3885 2652 4134 2737 agenda
4166 2671 4359 2736 prae-

2861 2748 3093 2811 scribit
3144 2750 3444 2813 Zosimus
3475 2750 3567 2831 d).
3654 2752 4058 2835 Capitolinus
4094 2754 4350 2830 leones,

2862 2850 3293 2932 elephantos,
3364 2851 3651 2938 aliasque
3716 2853 3893 2916 feras
3970 2870 4348 2942 enumerat,

2861 2972 3019 3035 quas
3066 2951 3434 3016 Gordianus
3479 2953 3590 3015 111.
3631 2953 3719 3017 ad
3768 2954 4106 3022 Persicum
4157 2980 4346 3021 suum

2857 3052 3264 3136 triumphum
3307 3055 3702 3129 reservavit,
3747 3046 3875 3120 aul:
3919 3058 4350 3143 congregavit

2856 3152 3038 3236 ipse,
3082 3154 3201 3216 sed
3252 3177 3413 3239 quas
3460 3157 3736 3221 subinde
3779 3160 4122 3246 Philippus
4171 3160 4348 3223 ludis

2858 3256 3302 3319 saecularibus
3362 3259 3467 3322 vel
3535 3258 3756 3335 dedit,
3816 3263 3924 3325 vel
3970 3261 4209 3325 occidit
4260 3260 4344 3343 ι3).

2855 3356 3071 3420 Lubet
3131 3358 3195 3418 in
3261 3374 3577 3443 sequente
3634 3362 3936 3445 catalogo
3994 3385 4341 3428 numerum

2852 3458 3095 3519 saeculi
3155 3459 3446 3523 milliarii
3509 3453 3773 3526 tes‘tium
3837 3479 4111 3548 propter
4154 3486 4344 3548 argu·

2857 3559 3059 3624 menti
3097 3559 3513 3625 concordiam
3552 3564 3956 3650 conjungere
3998 3565 4192 3627 etiam
4225 3585 4345 3628 nu-

2855 3678 2999 3721 mos
3042 3660 3333 3747 Philippi
3379 3663 3517 3748 jun.
3573 3678 3642 3728 et
3692 3650 4017 3732 Otaciliae
4047 3666 4153 3740 ,aa
4201 3685 4345 3730 eos-

2855 3755 3006 3821 dem
3044 3760 3239 3825 ludos
3270 3766 3696 3847 pertinentes·
4276 3744 4326 3775 x

2851 3959 2936 4024 A.
3132 3967 3308 4027 IMP.
3338 3970 3614 4036 MJVL.
3634 3972 4116 4042 PHILIPPVS.
4134 3966 4341 4038 AYG.

3141 4070 3345 4147 Caput
3371 4073 3539 4135 laur.
3575 4077 3853 4153 Philippu·
3878 4077 3934 4134 1.

1236 4143 1323 4203 At
1370 4142 1675 4230 plerique
1732 4146 2126 4237 chronologi
2173 4156 2285 4218 alii
2341 4179 2579 4221 annum
2633 4181 2734 4222 se·
2839 4162 3344 4235 MILIARIVM.
3400 4173 3895 4244 SAECVLVM.
3946 4176 4012 4238 S.
4063 4175 4137 4239 C.
4199 4181 4340 4258 Cz'p·

1235 4258 1546 4326 quentem
1614 4249 1741 4320 248
1785 4254 2163 4340 praetulere
2225 4261 2521 4341 persuasi
2571 4260 2735 4324 invi-

1234 4356 1344 4410 oto
1381 4365 1734 4428 numerum
1784 4355 2199 4437 testimonio,
2259 4381 2543 4444 quorum
2588 4364 2733 4425 nul-

2835 4286 2998 4344 pus,
3044 4274 3153 4332 cm·
3184 4275 3578 4354 inscri'ptum.
3626 4275 3816 4343 COS.
3859 4279 3963 4341 111.
3998 4279 4128 4341 ΔΕ.
4172 4279 4225 4340 1.
4254 4278 4334 4341 11.

2851 4371 3051 4450 (Mus.
3088 4373 3304 4452 Caes.)

1260 4493 4317 4550 Μ

1306 4579 1370 4646 a)
1408 4573 1468 4633 in
1509 4577 1817 4636 Gordiano
1855 4579 1953 4640 111.
1997 4604 2043 4642 c.
2082 4596 2173 4650 53.

1233 4663 1296 4734 d)
1336 4662 1399 4722 L.
1442 4664 1514 4723 ΙΙ.
1556 4666 1664 4724 sub
1705 4666 1830 4726 init.
1977 4676 2039 4745 e)
2082 4674 2145 4736 in
2183 4675 2370 4737 Gord.
2408 4677 2452 4743 l.
2492 4700 2543 4741 e.

2358 4588 2426 4662 b)
2465 4590 2529 4649 in
2568 4591 2864 4664 Caesel-ih.
2903 4593 3011 4656 sub
3053 4596 3354 4680 Philippo.

3537 4607 3598 4682 c)
3636 4606 3790 4666 Nota
3829 4606 3931 4666 vl.
3970 4608 4036 4669 in
4071 4608 4327 4689 Philipp.
