4652 5937
1341 350 1489 440 1³64
2473 354 3275 434 DRYANTILLA.

1340 545 1410 606 in
1455 536 1834 623 Regaliani,
1897 557 2088 621 qnam
2144 537 2554 620 Dryantillae
2611 538 2826 601 numis
2940 535 3135 601 bitari
3167 537 3278 601 vix
3313 548 3595 621 potest.
3655 533 3756 601 V.
3799 532 4363 627 Quemadmodum
4387 555 4462 594 aa·

1342 641 1609 708 omnino
1659 650 1760 700 est
1799 636 2065 714 eadem,
2111 659 2241 723 quo
2293 639 2438 701 solo
2485 658 2829 721 argumen-
2940 657 3118 699 mum
3150 637 3516 722 Regaliani
3566 648 3677 698 ex·
3717 654 3959 698 numo
4004 635 4348 698 Caracallae
4378 634 4462 696 ior·

1339 760 1410 807 to
1469 739 2089 821 absterritus-sum,
2150 758 2281 822 quo
2342 739 2589 812 minus,
2647 737 2825 820 quod
2939 751 3179 799 matum
3230 738 3575 817 vidimus,
3656 736 3775 800 sic
3833 734 4036 796 idem
4081 735 4310 798 sactum
4340 733 4462 797 vide·

1340 840 1688 928 aliquando
1741 838 2028 900 tenuiter
2083 838 2492 919 auspicabar,
2536 840 2827 901 Pacatia-
2938 858 3094 898 mus
3126 837 3191 897 in
3225 839 3439 900 numia
3482 838 4016 920 Dryantillae.
4078 836 4244 898 Sane
4279 838 4456 899 nullan

1337 943 1408 1008 ni
1447 960 1754 1014 uxorem,
1801 938 1992 1019 hujus
2034 956 2295 1021 qnoque
2333 951 2575 1000 tractus
2608 953 2823 1020 tyran·
2934 937 3128 1020 hujus
3157 939 3500 1022 Augustae
3539 961 3880 1002 numum
3916 936 4275 1020 conspexi,
4303 937 4456 1020 inque

1333 1044 1440 1120 ni,
1514 1057 1902 1113 statuerem,
1982 1037 2159 1122 quod
2217 1039 2283 1099 in
2352 1038 2545 1119 hujus
2607 1039 2823 1099 numia
2933 1058 3066 1098 non
3134 1051 3465 1100 exstarent
3544 1039 3960 1101 luculenta
4019 1037 4265 1123 prioris
4311 1037 4452 1115 cujus·

1244 1208 1255 1211 -
1332 1145 1484 1230 plus
1518 1145 1707 1218 artis,
1769 1143 1976 1203 multo
2011 1138 2325 1221 majorem
2367 1137 2820 1201 characterum
2933 1138 3105 1222 piam
3139 1139 3428 1205 matricis
3459 1139 3790 1202 indicia.
3847 1137 4371 1202 Commemoravi
4394 1157 4452 1196 an

1333 1245 1725 1330 elegantiam
1787 1241 2134 1326 perspicue
2211 1237 2819 1301 animadverteram.
2934 1254 3271 1324 gumenta‚
3312 1241 3480 1322 justa
3520 1242 3736 1321 sint,
3781 1261 3933 1305 nec
3972 1260 4103 1317 ne,
4138 1239 4335 1304 lector
4357 1254 4447 1297 em·

1295 1349 1445 1411 ·111.
1499 1345 1856 1427 Vtriusque
1901 1342 2080 1404 numi
2124 1341 2302 1402 idem
2351 1340 2591 1402 habent
2632 1340 2818 1403 volu·
2932 1338 3107 1404 ditus
3148 1341 3537 1408 arbitretur.

1324 1468 1517 1524 men,
1576 1445 1753 1507 idem
1808 1443 1952 1505 sere
2009 1441 2302 1526 pondus,
2366 1440 2659 1524 ejusdem
2714 1462 2815 1503 ra-

1324 1549 1523 1612 tionis
1589 1558 1966 1626 argentum,
2050 1540 2227 1626 quod
2297 1542 2587 1603 bonitate
2651 1542 2814 1603 mul·
3489 1554 3536 1594 o
3697 1509 3750 1551 ⁴*
3903 1552 3951 1594 ο

1320 1663 1463 1712 tum
1509 1657 1794 1729 praestat
1837 1655 2143 1724 argento,
2189 1662 2273 1703 ex
2316 1662 2445 1724 quo
2480 1641 2620 1705 cusi
2663 1654 2812 1704 sunt
3214 1648 3457 1716 SVLP,
3540 1642 4232 1723 DRYANTILLA.
4302 1635 4437 1706 ΔΥΕ.

1323 1746 1506 1808 numi
1540 1743 1859 1817 Gallieni,
1916 1740 2277 1804 aliorumve
2332 1742 2474 1823 ejus
2522 1744 2669 1807 aevi
2715 1757 2814 1823 ty·
3210 1754 3375 1828 Ejm
3404 1763 3616 1831 caput
3661 1756 3893 1829 ,uper
3934 1753 4130 1810 lana.

1320 1866 1701 1914 rannorum.
1786 1843 2235 1905 Pronunciare
2302 1843 2552 1908 isthaec
2613 1841 2813 1906 confi·
2925 1843 3256 1917 IVNONI.
3305 1853 3695 1915 REDINE.
3780 1851 3966 1929 (sic)
4030 1851 4178 1909 Dea
4219 1843 4432 1903 eumd.

1323 1948 1561 2013 denter
1620 1966 1927 2031 possum,
2005 1944 2118 2029 qui
2162 1945 2517 2038 ⁴utriusque
2576 1966 2810 2010 numos
2914 1964 3213 2032 porrecta
3253 1987 3281 2010 -,
3321 1988 3349 2003 -
3389 1988 3416 2000 -
3457 1977 3529 2017 3..
3557 1961 3901 2018 hastam,
3978 1950 4132 2011 AR.
4192 1943 4283 2023 (ia
4317 1943 4426 2003 uns

1317 2071 1478 2138 prae
1508 2049 1804 2113 manibus
1836 2045 2079 2122 habeo,
2126 2068 2200 2110 ac
2227 2047 2369 2111 fere
2408 2067 2634 2110 omnes
2670 2067 2806 2121 eos,
2925 2055 3108 2115 Caes.
3144 2052 3418 2136 aliisque
3452 2077 3669 2139 supra
3714 2049 4102 2128 laudatis.)

1319 2152 1432 2239 qui
1478 2172 1651 2215 nune
1701 2149 1858 2212 alibi
1896 2161 2095 2222 -sunt,
2163 2148 2303 2232 ipse
2358 2149 2632 2232 inspexi.
2694 2152 2805 2216 lv.
3051 2156 3212 2216 Cum
3258 2166 3412 2237 typo
3458 2155 3762 2218 diverso
3824 2154 4083 2217 nullus
4123 2146 4283 2210 alter
4310 2139 4419 2203 mihi

1315 2253 1550 2317 Fuisse
1588 2251 1946 2345 Regaliano
1981 2270 2292 2324 uxorem,
2340 2250 2639 2312 dubitare
2675 2272 2805 2313 non
2921 2254 3243 2336 cognitus.
3330 2256 3490 2338 Ejus
3536 2257 3995 2319 iconismum
4050 2251 4182 2315 rite
4220 2261 4417 2326 expret-

1317 2355 1472 2418 sinit
1504 2355 1647 2437 ejus
1681 2373 1914 2417 numus
1955 2372 2148 2434 supra
2183 2350 2513 2413 laudatus:
2571 2353 2805 2414 LIBE·
2920 2377 3058 2417 sum
3120 2355 3321 2417 habes
3375 2357 3439 2418 in
3492 2359 3787 2420 Khellii
3851 2345 4326 2438 Subplemen'to
4360 2336 4410 2398 ad

1315 2456 1716 2520 RAL1TAS.
1747 2452 2066 2521 AVGGG.
2089 2495 2104 2525 ‚
2150 2473 2276 2536 qua
2307 2450 2592 2514 formula
2628 2473 2804 2515 com·
2914 2457 3335 2523 Vaillantium
3368 2482 3432 2542 p.
3476 2480 3635 2541 190,
3692 2458 3847 2520 nisi
3882 2454 4078 2542 quod
4115 2452 4183 2513 iu
4207 2441 4409 2509 nomine

1311 2559 1703 2645 prehensam
1740 2555 1936 2619 etiam
1969 2558 2320 2638 Augustam
2369 2574 2646 2618 uxorem
2689 2555 2802 2616 du·
2914 2559 3322 2642 Dryantillae
3366 2561 3637 2643 ponitur
3689 2563 3766 2630 V
3815 2579 3962 2644 pro
4007 2557 4092 2617 Y.

2509 2850 2515 2857 ’
2608 2870 3114 2933 PRETJVM.

1903 3060 2219 3147 Argentei
2260 3074 2547 3140 tantum,
2589 3062 2767 3150 iique
2854 3110 3300 3135 .....
3383 3107 3411 3131 2.
3494 3111 3513 3130 .
3601 3113 3619 3131 .
3713 3066 4014 3133 RRRR.

2543 3380 3148 3445 AVREOLVS.

1428 3575 1649 3637 Dacus
1698 3569 1991 3646 natione,
2037 3584 2105 3633 et
2156 3569 2212 3663 si
2256 3567 2425 3632 fides
2472 3572 2787 3650 Zonarae,
2902 3579 3084 3639 mulo
3128 3577 3465 3642 Macriano
3510 3577 3840 3642 crevisset
3904 3570 4192 3642 viribus,
4247 3570 4361 3620 em

1303 3677 1462 3741 olim
1525 3673 1766 3758 opilio,
1827 3671 2066 3733 deinde
2115 3670 2417 3734 ducendo
2470 3673 2790 3736 exercitui
2902 3678 3240 3742 Gallienus
3289 3681 3451 3743 belli
3495 3680 3815 3743 adversus
3861 3680 4235 3739 Postumum
4277 3674 4366 3739 ge·

1301 3799 1339 3841 a
1380 3774 1730 3844 Valeriano
1766 3770 2181 3856 praefectus,
2227 3772 2437 3834 serius
2477 3794 2512 3834 a
2547 3772 2793 3838 Gallie·
2900 3780 3090 3842 rendi
3150 3780 3398 3843 socium
3446 3780 3760 3842 adhibuit.
3855 3782 4080 3859 Rupta
4130 3773 4358 3828 concor·

1297 3899 1387 3941 no
1427 3875 1706 3950 defecit,
1769 3873 2166 3936 adclamatus
2216 3872 2577 3954 imperator
2616 3899 2653 3938 a
2693 3876 2788 3938 le·
2883 3879 3007 3954 -dia
3056 3881 3393 3943 Gallienus
3435 3883 3675 3945 victum
3726 3878 4103 3944 Aureolum
4151 3857 4357 3929 Μθᾶῐθ·

1300 3979 1604 4064 gionibus
1645 3974 2004 4042 secundum
2046 3973 2170 4037 hos
2216 3974 2501 4057 Illyrici,
2559 3998 2788 4043 secun·
2899 3982 3030 4062 lani
3085 3982 3427 4045 obsidione
3481 3983 3757 4066 premit,
3823 3980 3945 4044 sed
4006 3971 4116 4059 qui
4166 3952 4351 4025 discri-

1298 4078 1455 4143 dum
1501 4078 1654 4143 illos
1700 4076 2053 4153 Rhaetiae,
2099 4090 2165 4140 at
2208 4078 2501 4161 quando,
2545 4079 2614 4141 in
2650 4093 2787 4142 tan·
2900 4103 3051 4145 men
3106 4103 3298 4146 caeso
3352 4084 3526 4145 inter
3573 4082 3736 4147 haec
3792 4081 4103 4156 Gal-lieno
4151 4056 4343 4128 evadit·

1293 4180 1380 4252 tis
1420 4194 1758 4244 auctorum
1799 4178 2114 4257 dissidiis,
2160 4194 2326 4264 quae
2361 4193 2622 4245 enarrat
2651 4181 2787 4242 'ril-
2900 4183 3267 4246 Novissime
3314 4208 3350 4249 a
3397 4184 3671 4249 Claudio
3716 4186 3932 4249 victus
3978 4162 4335 4259 tyrannidem

1293 4283 1646 4346 lemontius
1678 4281 1769 4360 ⁸),
1813 4281 2007 4364 plane
2036 4281 2381 4346 incertum.
2430 4282 2607 4377 Quin
2635 4302 2788 4366 pro-
2900 4303 3048 4346 cum
3088 4284 3220 4350 vita
3262 4288 3481 4371 posuit
3520 4289 3603 4356 V.
3651 4281 3725 4354 C.
3764 4302 3952 4349 ioan.
3994 4282 4068 4343 P.
4110 4271 4184 4333 X.
4225 4261 4335 4343 2⁶¹3

1297 4383 1447 4448 bata
1501 4384 1635 4467 jam
1699 4382 1840 4464 ejus
1898 4379 2208 4465 perfidia,
2268 4404 2416 4447 cum
2462 4384 2635 4456 victo
2680 4403 2787 4446 ae·
3460 4433 3498 4471 9
3621 4388 3662 4428 0
3780 4433 3824 4471 ⁸

4507 3647 4514 3692 ³

1370 4597 1434 4667 a)
1473 4590 1623 4649 Nota
1660 4589 1759 4648 VI.
1802 4590 1864 4647 in
1903 4590 2156 4649 Gallien.
