<?xml version="1.0" encoding="UTF-8"?>
<!DOCTYPE html PUBLIC "-//W3C//DTD XHTML 1.0 Transitional//EN"
    "http://www.w3.org/TR/xhtml1/DTD/xhtml1-transitional.dtd">
<html xmlns="http://www.w3.org/1999/xhtml" xml:lang="en" lang="en">
 <head>
  <title>
</title>
<meta http-equiv="Content-Type" content="text/html;charset=utf-8" />
  <meta name='ocr-system' content='tesseract 3.04.00' />
  <meta name='ocr-capabilities' content='ocr_page ocr_carea ocr_par ocr_line ocrx_word'/>
</head>
<body>
  <div class='ocr_page' id='page_1' title='image "./doctrinanumorum05hohlgoog/doctrinanumorum05hohlgoog_0029.png"; bbox 0 0 4652 5937; ppageno 0'>
   <div class='ocr_carea' id='block_1_1' title="bbox 1130 497 3310 593">
    <p class='ocr_par' dir='ltr' id='par_1_1' title="bbox 1130 497 3310 593">
     <span class='ocr_line' id='line_1_1' title="bbox 1130 497 3310 593; baseline 0.001 -4"><span class='ocrx_word' id='word_1_1' title='bbox 1130 546 1141 557; x_wconf 21' lang='lat' dir='ltr'><strong>-w</strong></span> <span class='ocrx_word' id='word_1_2' title='bbox 1216 508 1971 591; x_wconf 74' lang='lat' dir='ltr'><strong>ANTONINVS·</strong></span> <span class='ocrx_word' id='word_1_3' title='bbox 2034 502 2363 587; x_wconf 66' lang='lat' dir='ltr'><strong>pivs,</strong></span> <span class='ocrx_word' id='word_1_4' title='bbox 3221 497 3310 593; x_wconf 75' lang='lat' dir='ltr'><strong>is</strong></span> 
     </span>
    </p>
   </div>
   <div class='ocr_carea' id='block_1_2' title="bbox 203 695 3325 881">
    <p class='ocr_par' dir='ltr' id='par_1_2' title="bbox 203 695 3325 881">
     <span class='ocr_line' id='line_1_2' title="bbox 208 695 3325 776; baseline -0.002 -15"><span class='ocrx_word' id='word_1_5' title='bbox 208 699 531 771; x_wconf 81' lang='lat' dir='ltr'><strong>donativa</strong></span> <span class='ocrx_word' id='word_1_6' title='bbox 575 711 1080 774; x_wconf 76' lang='lat' dir='ltr'><strong>commemorat,</strong></span> <span class='ocrx_word' id='word_1_7' title='bbox 1127 711 1193 761; x_wconf 91' lang='lat' dir='ltr'><strong>et</strong></span> <span class='ocrx_word' id='word_1_8' title='bbox 1229 704 1371 761; x_wconf 66' lang='lat' dir='ltr'><strong>vini</strong></span> <span class='ocrx_word' id='word_1_9' title='bbox 1387 745 1404 775; x_wconf 91' lang='lat'>‚</span> <span class='ocrx_word' id='word_1_10' title='bbox 1448 703 1578 764; x_wconf 79' lang='lat' dir='ltr'><strong>olei</strong></span> <span class='ocrx_word' id='word_1_11' title='bbox 1591 745 1607 775; x_wconf 91' lang='lat'>,</span> <span class='ocrx_word' id='word_1_12' title='bbox 1654 710 1720 763; x_wconf 78' lang='lat' dir='ltr'><strong>et</strong></span> <span class='ocrx_word' id='word_1_13' title='bbox 1831 704 1929 760; x_wconf 71' lang='lat' dir='ltr'><strong>lor</strong></span> <span class='ocrx_word' id='word_1_14' title='bbox 1948 697 2204 776; x_wconf 72' lang='lat' dir='ltr'><strong>toyat&#39;us</strong></span> <span class='ocrx_word' id='word_1_15' title='bbox 2219 708 2401 759; x_wconf 74' lang='lat' dir='ltr'><strong>stans</strong></span> <span class='ocrx_word' id='word_1_16' title='bbox 2430 699 2758 759; x_wconf 75' lang='lat' dir='ltr'><strong>dexteram</strong></span> <span class='ocrx_word' id='word_1_17' title='bbox 2783 713 2923 757; x_wconf 77' lang='lat' dir='ltr'><strong>cum</strong></span> <span class='ocrx_word' id='word_1_18' title='bbox 2955 695 3325 772; x_wconf 73' lang='lat' dir='ltr'><strong>Quadorum</strong></span> 
     </span>
     <span class='ocr_line' id='line_1_3' title="bbox 203 794 3021 881; baseline -0.002 -18"><span class='ocrx_word' id='word_1_19' title='bbox 203 805 425 863; x_wconf 74' lang='lat' dir='ltr'><strong>tritici</strong></span> <span class='ocrx_word' id='word_1_20' title='bbox 463 806 804 879; x_wconf 75' lang='lat' dir='ltr'><strong>penuriam</strong></span> <span class='ocrx_word' id='word_1_21' title='bbox 854 802 993 881; x_wconf 79' lang='lat' dir='ltr'><strong>per&#39;</strong></span> <span class='ocrx_word' id='word_1_22' title='bbox 1024 805 1275 863; x_wconf 74' lang='lat' dir='ltr'><strong>aerarii.</strong></span> <span class='ocrx_word' id='word_1_23' title='bbox 1320 806 1426 863; x_wconf 73' lang='lat' dir='ltr'><strong>sm·</strong></span> <span class='ocrx_word' id='word_1_24' title='bbox 1478 806 1716 863; x_wconf 80' lang='lat' dir='ltr'><strong>damna</strong></span> <span class='ocrx_word' id='word_1_25' title='bbox 1829 820 1977 879; x_wconf 72' lang='lat' dir='ltr'><strong>reqe</strong></span> <span class='ocrx_word' id='word_1_26' title='bbox 1992 803 2240 880; x_wconf 72' lang='lat' dir='ltr'><strong>junqit.</strong></span> <span class='ocrx_word' id='word_1_27' title='bbox 2297 799 2437 860; x_wconf 83' lang='grc' dir='ltr'><strong>ΑΕ.</strong></span> <span class='ocrx_word' id='word_1_28' title='bbox 2477 798 2525 859; x_wconf 93' lang='lat' dir='ltr'><strong>I.</strong></span> <span class='ocrx_word' id='word_1_29' title='bbox 2563 800 2762 877; x_wconf 79' lang='lat' dir='ltr'><strong>(Mus.</strong></span> <span class='ocrx_word' id='word_1_30' title='bbox 2801 794 3021 873; x_wconf 86' lang='lat' dir='ltr'><strong>Caes.)</strong></span> 
     </span>
    </p>
   </div>
   <div class='ocr_carea' id='block_1_3' title="bbox 204 892 1718 1086">
    <p class='ocr_par' dir='ltr' id='par_1_3' title="bbox 204 892 1718 1086">
     <span class='ocr_line' id='line_1_4' title="bbox 204 892 1713 983; baseline -0.001 -18"><span class='ocrx_word' id='word_1_31' title='bbox 204 907 505 975; x_wconf 75' lang='lat' dir='ltr'><strong>emendo,</strong></span> <span class='ocrx_word' id='word_1_32' title='bbox 539 915 605 964; x_wconf 83' lang='lat' dir='ltr'><strong>et</strong></span> <span class='ocrx_word' id='word_1_33' title='bbox 634 906 1089 983; x_wconf 65' lang='lat' dir='ltr'><strong>qran‘epopm‘o</strong></span> <span class='ocrx_word' id='word_1_34' title='bbox 1120 907 1333 965; x_wconf 80' lang='lat' dir='ltr'><strong>dando</strong></span> <span class='ocrx_word' id='word_1_35' title='bbox 1370 892 1713 964; x_wconf 60' lang='lat' dir='ltr'><strong>sedavisse.</strong></span> 
     </span>
     <span class='ocr_line' id='line_1_5' title="bbox 209 1002 1718 1086; baseline -0.001 -22"><span class='ocrx_word' id='word_1_36' title='bbox 209 1004 353 1065; x_wconf 88' lang='lat' dir='ltr'><strong>Sed</strong></span> <span class='ocrx_word' id='word_1_37' title='bbox 415 1004 587 1085; x_wconf 77' lang='lat' dir='ltr'><strong>haec</strong></span> <span class='ocrx_word' id='word_1_38' title='bbox 647 1003 1048 1086; x_wconf 83' lang='lat' dir='ltr'><strong>generatim,</strong></span> <span class='ocrx_word' id='word_1_39' title='bbox 1104 1002 1283 1065; x_wconf 81' lang='lat' dir='ltr'><strong>nulla</strong></span> <span class='ocrx_word' id='word_1_40' title='bbox 1332 1002 1503 1065; x_wconf 82' lang='lat' dir='ltr'><strong>facta</strong></span> <span class='ocrx_word' id='word_1_41' title='bbox 1553 1017 1718 1065; x_wconf 88' lang='lat' dir='ltr'><strong>tem·</strong></span> 
     </span>
    </p>
   </div>
   <div class='ocr_carea' id='block_1_4' title="bbox 1957 894 3326 994">
    <p class='ocr_par' dir='ltr' id='par_1_4' title="bbox 1957 894 3326 994">
     <span class='ocr_line' id='line_1_6' title="bbox 1957 894 3326 994; baseline -0.003 -34"><span class='ocrx_word' id='word_1_42' title='bbox 1957 901 2177 960; x_wconf 86' lang='lat' dir='ltr'><strong>Fuere</strong></span> <span class='ocrx_word' id='word_1_43' title='bbox 2216 898 2432 994; x_wconf 79' lang='lat' dir='ltr'><strong>Quadi</strong></span> <span class='ocrx_word' id='word_1_44' title='bbox 2479 900 2761 983; x_wconf 86' lang='lat' dir='ltr'><strong>populus</strong></span> <span class='ocrx_word' id='word_1_45' title='bbox 2816 894 3326 958; x_wconf 77' lang='lat' dir='ltr'><strong>transDanubi-</strong></span> 
     </span>
    </p>
   </div>
   <div class='ocr_carea' id='block_1_5' title="bbox 1831 996 3325 1082">
    <p class='ocr_par' dir='ltr' id='par_1_5' title="bbox 1831 996 3325 1082">
     <span class='ocr_line' id='line_1_7' title="bbox 1831 996 3325 1082; baseline -0.002 -22"><span class='ocrx_word' id='word_1_46' title='bbox 1831 1021 1981 1074; x_wconf 90' lang='lat' dir='ltr'><strong>um,</strong></span> <span class='ocrx_word' id='word_1_47' title='bbox 2045 1020 2170 1082; x_wconf 86' lang='lat' dir='ltr'><strong>qua</strong></span> <span class='ocrx_word' id='word_1_48' title='bbox 2220 1000 2273 1060; x_wconf 87' lang='lat' dir='ltr'><strong>is</strong></span> <span class='ocrx_word' id='word_1_49' title='bbox 2315 1000 2645 1073; x_wconf 78' lang='lat' dir='ltr'><strong>Austriam</strong></span> <span class='ocrx_word' id='word_1_50' title='bbox 2695 996 3079 1067; x_wconf 81' lang='lat' dir='ltr'><strong>inferiorem</strong></span> <span class='ocrx_word' id='word_1_51' title='bbox 3123 1009 3325 1073; x_wconf 85' lang='lat' dir='ltr'><strong>secat,</strong></span> 
     </span>
    </p>
   </div>
   <div class='ocr_carea' id='block_1_6' title="bbox 208 1094 3328 1189">
    <p class='ocr_par' dir='ltr' id='par_1_6' title="bbox 208 1094 3328 1189">
     <span class='ocr_line' id='line_1_8' title="bbox 208 1094 3328 1189; baseline -0.003 -23"><span class='ocrx_word' id='word_1_52' title='bbox 208 1104 405 1189; x_wconf 85' lang='lat' dir='ltr'><strong>poris</strong></span> <span class='ocrx_word' id='word_1_53' title='bbox 456 1107 835 1178; x_wconf 84' lang='lat' dir='ltr'><strong>mentione,</strong></span> <span class='ocrx_word' id='word_1_54' title='bbox 878 1102 1114 1166; x_wconf 81' lang='lat' dir='ltr'><strong>refert.</strong></span> <span class='ocrx_word' id='word_1_55' title='bbox 1178 1104 1430 1169; x_wconf 87' lang='lat' dir='ltr'><strong>Harum</strong></span> <span class='ocrx_word' id='word_1_56' title='bbox 1500 1118 1718 1165; x_wconf 85' lang='lat' dir='ltr'><strong>tamen</strong></span> <span class='ocrx_word' id='word_1_57' title='bbox 1808 1099 1904 1162; x_wconf 51' lang='lat' dir='ltr'><strong>¹in</strong></span> <span class='ocrx_word' id='word_1_58' title='bbox 1938 1100 2340 1184; x_wconf 61' lang='lat' dir='ltr'><strong>Mummiam,</strong></span> <span class='ocrx_word' id='word_1_59' title='bbox 2381 1094 2458 1163; x_wconf 69' lang='lat' dir='ltr'><strong>&#39;et</strong></span> <span class='ocrx_word' id='word_1_60' title='bbox 2491 1100 2696 1183; x_wconf 87' lang='lat' dir='ltr'><strong>magis</strong></span> <span class='ocrx_word' id='word_1_61' title='bbox 2731 1099 2798 1159; x_wconf 89' lang='lat' dir='ltr'><strong>in</strong></span> <span class='ocrx_word' id='word_1_62' title='bbox 2846 1098 3192 1160; x_wconf 76' lang='lat' dir='ltr'><strong>Orientem</strong></span> <span class='ocrx_word' id='word_1_63' title='bbox 3223 1117 3328 1159; x_wconf 79' lang='lat' dir='ltr'><strong>us-</strong></span> 
     </span>
    </p>
   </div>
   <div class='ocr_carea' id='block_1_7' title="bbox 211 1204 1723 1289">
    <p class='ocr_par' dir='ltr' id='par_1_7' title="bbox 211 1204 1723 1289">
     <span class='ocr_line' id='line_1_9' title="bbox 211 1204 1723 1289; baseline -0.001 -22"><span class='ocrx_word' id='word_1_64' title='bbox 211 1205 704 1269; x_wconf 77' lang='lat' dir='ltr'><strong>liberalitatum</strong></span> <span class='ocrx_word' id='word_1_65' title='bbox 727 1250 743 1282; x_wconf 89' lang='lat'>‚</span> <span class='ocrx_word' id='word_1_66' title='bbox 784 1225 943 1289; x_wconf 88' lang='lat' dir='ltr'><strong>quas</strong></span> <span class='ocrx_word' id='word_1_67' title='bbox 958 1204 1238 1267; x_wconf 87' lang='lat' dir='ltr'><strong>adducti</strong></span> <span class='ocrx_word' id='word_1_68' title='bbox 1267 1204 1449 1265; x_wconf 87' lang='lat' dir='ltr'><strong>numi</strong></span> <span class='ocrx_word' id='word_1_69' title='bbox 1475 1206 1723 1267; x_wconf 89' lang='lat' dir='ltr'><strong>collau-</strong></span> 
     </span>
    </p>
   </div>
   <div class='ocr_carea' id='block_1_8' title="bbox 1838 1199 3324 1295">
    <p class='ocr_par' dir='ltr' id='par_1_8' title="bbox 1838 1199 3324 1295">
     <span class='ocr_line' id='line_1_10' title="bbox 1838 1199 3324 1295; baseline -0.005 -28"><span class='ocrx_word' id='word_1_70' title='bbox 1838 1226 1965 1291; x_wconf 87' lang='lat' dir='ltr'><strong>que</strong></span> <span class='ocrx_word' id='word_1_71' title='bbox 2014 1206 2093 1267; x_wconf 87' lang='lat' dir='ltr'><strong>ad</strong></span> <span class='ocrx_word' id='word_1_72' title='bbox 2150 1206 2390 1267; x_wconf 87' lang='lat' dir='ltr'><strong>Cusum</strong></span> <span class='ocrx_word' id='word_1_73' title='bbox 2445 1199 2725 1276; x_wconf 86' lang='lat' dir='ltr'><strong>flumen,</strong></span> <span class='ocrx_word' id='word_1_74' title='bbox 2799 1199 2998 1261; x_wconf 85' lang='lat' dir='ltr'><strong>hodie</strong></span> <span class='ocrx_word' id='word_1_75' title='bbox 3042 1200 3324 1295; x_wconf 82' lang='lat' dir='ltr'><strong>Vagum&#39;,</strong></span> 
     </span>
    </p>
   </div>
   <div class='ocr_carea' id='block_1_9' title="bbox 216 1300 3332 1493">
    <p class='ocr_par' dir='ltr' id='par_1_9' title="bbox 216 1300 3332 1493">
     <span class='ocr_line' id='line_1_11' title="bbox 219 1300 3332 1393; baseline -0.003 -23"><span class='ocrx_word' id='word_1_76' title='bbox 219 1307 425 1383; x_wconf 84' lang='lat' dir='ltr'><strong>dant,</strong></span> <span class='ocrx_word' id='word_1_77' title='bbox 511 1307 685 1370; x_wconf 89' lang='lat' dir='ltr'><strong>haud</strong></span> <span class='ocrx_word' id='word_1_78' title='bbox 751 1307 945 1368; x_wconf 88' lang='lat' dir='ltr'><strong>dubie</strong></span> <span class='ocrx_word' id='word_1_79' title='bbox 1007 1327 1133 1369; x_wconf 90' lang='lat' dir='ltr'><strong>una</strong></span> <span class='ocrx_word' id='word_1_80' title='bbox 1180 1305 1441 1369; x_wconf 86' lang='lat' dir='ltr'><strong>videtur</strong></span> <span class='ocrx_word' id='word_1_81' title='bbox 1493 1304 1721 1381; x_wconf 82' lang='lat' dir='ltr'><strong>fuisse,</strong></span> <span class='ocrx_word' id='word_1_82' title='bbox 1836 1319 2217 1393; x_wconf 83' lang='lat' dir='ltr'><strong>porrectus,</strong></span> <span class='ocrx_word' id='word_1_83' title='bbox 2293 1304 2400 1367; x_wconf 90' lang='lat' dir='ltr'><strong>cui</strong></span> <span class='ocrx_word' id='word_1_84' title='bbox 2449 1301 2670 1364; x_wconf 89' lang='lat' dir='ltr'><strong>datum</strong></span> <span class='ocrx_word' id='word_1_85' title='bbox 2720 1300 2801 1362; x_wconf 89' lang='lat' dir='ltr'><strong>ab</strong></span> <span class='ocrx_word' id='word_1_86' title='bbox 2851 1301 3180 1362; x_wconf 80' lang='lat' dir='ltr'>Antonino</span> <span class='ocrx_word' id='word_1_87' title='bbox 3225 1319 3332 1361; x_wconf 86' lang='lat' dir='ltr'><strong>re·</strong></span> 
     </span>
     <span class='ocr_line' id='line_1_12' title="bbox 216 1398 3331 1493; baseline -0.003 -22"><span class='ocrx_word' id='word_1_88' title='bbox 216 1410 304 1479; x_wconf 76' lang='lat' dir='ltr'><strong>de</strong></span> <span class='ocrx_word' id='word_1_89' title='bbox 360 1431 502 1493; x_wconf 85' lang='lat' dir='ltr'><strong>qua</strong></span> <span class='ocrx_word' id='word_1_90' title='bbox 528 1409 993 1492; x_wconf 80' lang='lat' dir='ltr'><strong>Capitolinus:</strong></span> <span class='ocrx_word' id='word_1_91' title='bbox 1053 1412 1315 1488; x_wconf 76' lang='lat' dir='ltr'><strong>nuptias</strong></span> <span class='ocrx_word' id='word_1_92' title='bbox 1347 1411 1531 1488; x_wconf 79' lang='lat' dir='ltr'><strong>filiae</strong></span> <span class='ocrx_word' id='word_1_93' title='bbox 1567 1408 1725 1469; x_wconf 67' lang='lat' dir='ltr'><strong>mae</strong></span> <span class='ocrx_word' id='word_1_94' title='bbox 1841 1428 1990 1493; x_wconf 85' lang='lat' dir='ltr'><strong>gem</strong></span> <span class='ocrx_word' id='word_1_95' title='bbox 2025 1403 2582 1469; x_wconf 75' lang='lat' dir='ltr'><strong>dissimulantibus</strong></span> <span class='ocrx_word' id='word_1_96' title='bbox 2614 1401 2873 1463; x_wconf 79' lang='lat' dir='ltr'><strong>illustre</strong></span> <span class='ocrx_word' id='word_1_97' title='bbox 2893 1400 3064 1462; x_wconf 88' lang='lat' dir='ltr'><strong>istud</strong></span> <span class='ocrx_word' id='word_1_98' title='bbox 3084 1398 3331 1463; x_wconf 86' lang='lat' dir='ltr'><strong>factum</strong></span> 
     </span>
    </p>
   </div>
   <div class='ocr_carea' id='block_1_10' title="bbox 220 1512 1732 1592">
    <p class='ocr_par' dir='ltr' id='par_1_10' title="bbox 220 1512 1732 1592">
     <span class='ocr_line' id='line_1_13' title="bbox 220 1512 1732 1592; baseline -0.002 -19"><span class='ocrx_word' id='word_1_99' title='bbox 220 1513 596 1573; x_wconf 66' lang='lat' dir='ltr'><strong>faustinae</strong></span> <span class='ocrx_word' id='word_1_100' title='bbox 644 1530 841 1592; x_wconf 74' lang='lat' dir='ltr'><strong>usque</strong></span> <span class='ocrx_word' id='word_1_101' title='bbox 884 1515 980 1572; x_wconf 84' lang='lat' dir='ltr'><strong>ad</strong></span> <span class='ocrx_word' id='word_1_102' title='bbox 1030 1512 1408 1573; x_wconf 73' lang='lat' dir='ltr'><strong>donativum</strong></span> <span class='ocrx_word' id='word_1_103' title='bbox 1455 1513 1732 1571; x_wconf 73' lang='lat' dir='ltr'><strong>militum</strong></span> 
     </span>
    </p>
   </div>
   <div class='ocr_carea' id='block_1_11' title="bbox 221 1613 1737 2192">
    <p class='ocr_par' dir='ltr' id='par_1_11' title="bbox 221 1613 1737 2192">
     <span class='ocr_line' id='line_1_14' title="bbox 221 1613 884 1690; baseline -0.005 -17"><span class='ocrx_word' id='word_1_104' title='bbox 221 1614 681 1676; x_wconf 73' lang='lat' dir='ltr'><strong>celebern‘mas</strong></span> <span class='ocrx_word' id='word_1_105' title='bbox 701 1613 884 1690; x_wconf 72' lang='lat' dir='ltr'><strong>fecit.</strong></span> 
     </span>
     <span class='ocr_line' id='line_1_15' title="bbox 956 1709 1235 1751; baseline 0.007 -2"><span class='ocrx_word' id='word_1_106' title='bbox 956 1709 997 1749; x_wconf 77' lang='grc' dir='ltr'>ιιι</span> <span class='ocrx_word' id='word_1_107' title='bbox 1204 1748 1235 1751; x_wconf 74' lang='grc'><strong>,,</strong></span> 
     </span>
     <span class='ocr_line' id='line_1_16' title="bbox 555 1751 1160 1875; baseline 0.007 -4"><span class='ocrx_word' id='word_1_108' title='bbox 555 1814 638 1872; x_wconf 78' lang='lat' dir='ltr'><strong>Vt</strong></span> <span class='ocrx_word' id='word_1_109' title='bbox 678 1815 757 1874; x_wconf 75' lang='lat' dir='ltr'><strong>lit</strong></span> <span class='ocrx_word' id='word_1_110' title='bbox 806 1817 889 1875; x_wconf 82' lang='lat' dir='ltr'><strong>A.</strong></span> <span class='ocrx_word' id='word_1_111' title='bbox 1059 1848 1063 1855; x_wconf 92' lang='lat'><strong>·</strong></span> <span class='ocrx_word' id='word_1_112' title='bbox 1118 1751 1160 1795; x_wconf 49' lang='lat'><em>⁶</em></span> 
     </span>
     <span class='ocr_line' id='line_1_17' title="bbox 236 1911 1734 1989; baseline -0.002 -13"><span class='ocrx_word' id='word_1_113' title='bbox 236 1912 413 1976; x_wconf 80' lang='lat'><strong>01²1.</strong></span> <span class='ocrx_word' id='word_1_114' title='bbox 461 1911 672 1979; x_wconf 85' lang='lat' dir='ltr'><strong>AVG.</strong></span> <span class='ocrx_word' id='word_1_115' title='bbox 716 1916 952 1976; x_wconf 74' lang='lat' dir='ltr'><strong>Mulier</strong></span> <span class='ocrx_word' id='word_1_116' title='bbox 998 1917 1239 1976; x_wconf 76' lang='lat' dir='ltr'><strong>sedens</strong></span> <span class='ocrx_word' id='word_1_117' title='bbox 1250 1918 1312 1976; x_wconf 88' lang='lat' dir='ltr'><strong>d.</strong></span> <span class='ocrx_word' id='word_1_118' title='bbox 1348 1916 1635 1989; x_wconf 75' lang='lat' dir='ltr'><strong>hastam,</strong></span> <span class='ocrx_word' id='word_1_119' title='bbox 1680 1932 1734 1976; x_wconf 75' lang='lat' dir='ltr'><strong>s.</strong></span> 
     </span>
     <span class='ocr_line' id='line_1_18' title="bbox 233 2011 1735 2095; baseline -0.001 -20"><span class='ocrx_word' id='word_1_120' title='bbox 233 2018 443 2092; x_wconf 74' lang='lat' dir='ltr'><strong>capiti</strong></span> <span class='ocrx_word' id='word_1_121' title='bbox 486 2018 779 2077; x_wconf 81' lang='lat' dir='ltr'><strong>admota.</strong></span> <span class='ocrx_word' id='word_1_122' title='bbox 820 2016 961 2077; x_wconf 79' lang='lat' dir='ltr'><strong>AR.</strong></span> <span class='ocrx_word' id='word_1_123' title='bbox 1014 2016 1153 2077; x_wconf 84' lang='lat' dir='ltr'><strong>AE.</strong></span> <span class='ocrx_word' id='word_1_124' title='bbox 1195 2016 1244 2075; x_wconf 88' lang='lat'><strong>1.</strong></span> <span class='ocrx_word' id='word_1_125' title='bbox 1293 2017 1493 2095; x_wconf 78' lang='lat' dir='ltr'><strong>(Mus.</strong></span> <span class='ocrx_word' id='word_1_126' title='bbox 1522 2011 1735 2093; x_wconf 87' lang='lat' dir='ltr'><strong>Caes.)</strong></span> 
     </span>
     <span class='ocr_line' id='line_1_19' title="bbox 369 2113 1737 2192; baseline 0.001 -16"><span class='ocrx_word' id='word_1_127' title='bbox 369 2118 536 2192; x_wconf 70' lang='lat' dir='ltr'><strong>opis</strong></span> <span class='ocrx_word' id='word_1_128' title='bbox 572 2113 640 2174; x_wconf 86' lang='lat' dir='ltr'><strong>in</strong></span> <span class='ocrx_word' id='word_1_129' title='bbox 690 2114 821 2176; x_wconf 88' lang='lat' dir='ltr'><strong>hoc</strong></span> <span class='ocrx_word' id='word_1_130' title='bbox 853 2135 1049 2177; x_wconf 90' lang='lat' dir='ltr'><strong>numo</strong></span> <span class='ocrx_word' id='word_1_131' title='bbox 1100 2116 1397 2180; x_wconf 73' lang='lat' dir='ltr'><strong>laudatae</strong></span> <span class='ocrx_word' id='word_1_132' title='bbox 1441 2130 1737 2178; x_wconf 84' lang='lat' dir='ltr'><strong>naturam</strong></span> 
     </span>
    </p>
   </div>
   <div class='ocr_carea' id='block_1_12' title="bbox 237 2208 1554 2302">
    <p class='ocr_par' dir='ltr' id='par_1_12' title="bbox 237 2208 1554 2302">
     <span class='ocr_line' id='line_1_20' title="bbox 237 2208 1554 2302; baseline 0.001 -25"><span class='ocrx_word' id='word_1_133' title='bbox 237 2214 722 2302; x_wconf 63' lang='lat' dir='ltr'><strong>explicabimus</strong></span> <span class='ocrx_word' id='word_1_134' title='bbox 773 2215 844 2276; x_wconf 86' lang='lat' dir='ltr'><strong>iu</strong></span> <span class='ocrx_word' id='word_1_135' title='bbox 876 2230 1141 2279; x_wconf 89' lang='lat' dir='ltr'><strong>moneta</strong></span> <span class='ocrx_word' id='word_1_136' title='bbox 1171 2208 1554 2281; x_wconf 87' lang='lat' dir='ltr'><strong>Pertinacis.</strong></span> 
     </span>
    </p>
   </div>
   <div class='ocr_carea' id='block_1_13' title="bbox 974 2315 1179 2400">
    <p class='ocr_par' dir='ltr' id='par_1_13' title="bbox 974 2315 1179 2400">
     <span class='ocr_line' id='line_1_21' title="bbox 974 2315 1015 2355; baseline 0 -3"><span class='ocrx_word' id='word_1_137' title='bbox 974 2315 1015 2355; x_wconf 62' lang='grc'><strong>«1</strong></span> 
     </span>
     <span class='ocr_line' id='line_1_22' title="bbox 1140 2360 1179 2400; baseline 0 0"><span class='ocrx_word' id='word_1_138' title='bbox 1140 2360 1179 2400; x_wconf 59' lang='lat'><em>0</em></span> 
     </span>
    </p>
   </div>
   <div class='ocr_carea' id='block_1_14' title="bbox 243 2421 1749 3208">
    <p class='ocr_par' dir='ltr' id='par_1_14' title="bbox 243 2421 1746 2803">
     <span class='ocr_line' id='line_1_23' title="bbox 541 2421 1049 2480; baseline -0.016 -1"><span class='ocrx_word' id='word_1_139' title='bbox 541 2422 626 2479; x_wconf 75' lang='lat' dir='ltr'><strong>Vc</strong></span> <span class='ocrx_word' id='word_1_140' title='bbox 665 2421 762 2479; x_wconf 73' lang='lat' dir='ltr'><strong>lit.</strong></span> <span class='ocrx_word' id='word_1_141' title='bbox 798 2423 880 2480; x_wconf 88' lang='lat' dir='ltr'><strong>A.</strong></span> <span class='ocrx_word' id='word_1_142' title='bbox 1045 2466 1049 2471; x_wconf 80' lang='grc'><strong>.</strong></span> 
     </span>
     <span class='ocr_line' id='line_1_24' title="bbox 243 2518 1743 2599; baseline 0 -18"><span class='ocrx_word' id='word_1_143' title='bbox 243 2518 454 2581; x_wconf 83' lang='lat' dir='ltr'><strong>REX.</strong></span> <span class='ocrx_word' id='word_1_144' title='bbox 486 2519 934 2581; x_wconf 77' lang='lat' dir='ltr'><strong>ARMENus.</strong></span> <span class='ocrx_word' id='word_1_145' title='bbox 966 2518 1280 2587; x_wconf 83' lang='lat' dir='ltr'><strong>DATVS.</strong></span> <span class='ocrx_word' id='word_1_146' title='bbox 1313 2519 1379 2581; x_wconf 90' lang='grc'><strong>8.</strong></span> <span class='ocrx_word' id='word_1_147' title='bbox 1421 2519 1743 2599; x_wconf 80' lang='lat' dir='ltr'><strong>C.1mpe·</strong></span> 
     </span>
     <span class='ocr_line' id='line_1_25' title="bbox 246 2620 1746 2702; baseline -0.003 -18"><span class='ocrx_word' id='word_1_148' title='bbox 246 2632 423 2684; x_wconf 77' lang='lat' dir='ltr'><strong>rator</strong></span> <span class='ocrx_word' id='word_1_149' title='bbox 473 2631 735 2699; x_wconf 75' lang='lat' dir='ltr'><strong>toyatm</strong></span> <span class='ocrx_word' id='word_1_150' title='bbox 785 2631 967 2681; x_wconf 69' lang='lat' dir='ltr'><strong>stans</strong></span> <span class='ocrx_word' id='word_1_151' title='bbox 998 2623 1304 2684; x_wconf 81' lang='lat' dir='ltr'><strong>Armem&#39;o</strong></span> <span class='ocrx_word' id='word_1_152' title='bbox 1335 2624 1475 2702; x_wconf 61' lang='grc' dir='ltr'><strong>νομί</strong></span> <span class='ocrx_word' id='word_1_153' title='bbox 1507 2620 1746 2683; x_wconf 69' lang='lat' dir='ltr'><strong>¹tiaram</strong></span> 
     </span>
     <span class='ocr_line' id='line_1_26' title="bbox 247 2720 1357 2803; baseline 0.005 -22"><span class='ocrx_word' id='word_1_154' title='bbox 247 2724 540 2799; x_wconf 73' lang='lat' dir='ltr'><strong>iuzponit.</strong></span> <span class='ocrx_word' id='word_1_155' title='bbox 620 2721 757 2783; x_wconf 81' lang='grc' dir='ltr'><strong>ΛΕ.</strong></span> <span class='ocrx_word' id='word_1_156' title='bbox 796 2725 844 2783; x_wconf 93' lang='lat'><strong>1.</strong></span> <span class='ocrx_word' id='word_1_157' title='bbox 890 2723 1088 2803; x_wconf 86' lang='lat' dir='ltr'><strong>(Mus.</strong></span> <span class='ocrx_word' id='word_1_158' title='bbox 1137 2720 1357 2800; x_wconf 86' lang='lat' dir='ltr'><strong>Caes.)</strong></span> 
     </span>
    </p>

    <p class='ocr_par' dir='ltr' id='par_1_15' title="bbox 251 2821 1749 3208">
     <span class='ocr_line' id='line_1_27' title="bbox 375 2821 1743 2915; baseline 0.001 -34"><span class='ocrx_word' id='word_1_159' title='bbox 375 2822 597 2915; x_wconf 80' lang='lat' dir='ltr'><strong>Quam</strong></span> <span class='ocrx_word' id='word_1_160' title='bbox 651 2822 892 2885; x_wconf 84' lang='lat' dir='ltr'><strong>acriter</strong></span> <span class='ocrx_word' id='word_1_161' title='bbox 934 2843 1130 2906; x_wconf 84' lang='lat' dir='ltr'><strong>saepe</strong></span> <span class='ocrx_word' id='word_1_162' title='bbox 1180 2826 1512 2885; x_wconf 83' lang='lat' dir='ltr'><strong>Romanos</strong></span> <span class='ocrx_word' id='word_1_163' title='bbox 1550 2821 1743 2894; x_wconf 85' lang='lat' dir='ltr'><strong>inter,</strong></span> 
     </span>
     <span class='ocr_line' id='line_1_28' title="bbox 251 2922 1749 3007; baseline 0.001 -23"><span class='ocrx_word' id='word_1_164' title='bbox 251 2923 668 3007; x_wconf 87' lang='lat' dir='ltr'><strong>Parthosque</strong></span> <span class='ocrx_word' id='word_1_165' title='bbox 714 2922 1089 2987; x_wconf 80' lang='lat' dir='ltr'><strong>dimicatum</strong></span> <span class='ocrx_word' id='word_1_166' title='bbox 1122 2923 1242 2997; x_wconf 84' lang='lat' dir='ltr'><strong>sit,</strong></span> <span class='ocrx_word' id='word_1_167' title='bbox 1304 2923 1394 2986; x_wconf 78' lang='lat' dir='ltr'><strong>ab</strong></span> <span class='ocrx_word' id='word_1_168' title='bbox 1431 2924 1595 2986; x_wconf 90' lang='lat' dir='ltr'><strong>utris</strong></span> <span class='ocrx_word' id='word_1_169' title='bbox 1626 2923 1749 2985; x_wconf 79' lang='lat' dir='ltr'><strong>Ar-</strong></span> 
     </span>
     <span class='ocr_line' id='line_1_29' title="bbox 258 3022 1747 3109; baseline -0.002 -23"><span class='ocrx_word' id='word_1_170' title='bbox 258 3025 460 3087; x_wconf 89' lang='lat' dir='ltr'><strong>menii</strong></span> <span class='ocrx_word' id='word_1_171' title='bbox 504 3025 684 3086; x_wconf 87' lang='lat' dir='ltr'><strong>inter</strong></span> <span class='ocrx_word' id='word_1_172' title='bbox 719 3039 1147 3109; x_wconf 88' lang='lat' dir='ltr'><strong>utrorumque</strong></span> <span class='ocrx_word' id='word_1_173' title='bbox 1193 3022 1505 3087; x_wconf 86' lang='lat' dir='ltr'><strong>ditionem</strong></span> <span class='ocrx_word' id='word_1_174' title='bbox 1546 3022 1747 3085; x_wconf 88' lang='lat' dir='ltr'><strong>medii</strong></span> 
     </span>
     <span class='ocr_line' id='line_1_30' title="bbox 261 3123 1746 3208; baseline -0.001 -23"><span class='ocrx_word' id='word_1_175' title='bbox 261 3143 457 3208; x_wconf 89' lang='lat' dir='ltr'><strong>reges</strong></span> <span class='ocrx_word' id='word_1_176' title='bbox 508 3125 888 3208; x_wconf 80' lang='lat' dir='ltr'><strong>acciperent</strong></span> <span class='ocrx_word' id='word_1_177' title='bbox 908 3170 926 3201; x_wconf 90' lang='lat'>‚</span> <span class='ocrx_word' id='word_1_178' title='bbox 951 3126 1112 3188; x_wconf 79' lang='lat' dir='ltr'><strong>satis</strong></span> <span class='ocrx_word' id='word_1_179' title='bbox 1145 3127 1460 3190; x_wconf 86' lang='lat' dir='ltr'><strong>hactenus</strong></span> <span class='ocrx_word' id='word_1_180' title='bbox 1491 3143 1613 3206; x_wconf 88' lang='lat' dir='ltr'><strong>per</strong></span> <span class='ocrx_word' id='word_1_181' title='bbox 1630 3123 1746 3184; x_wconf 90' lang='lat' dir='ltr'><strong>im-</strong></span> 
     </span>
    </p>
   </div>
   <div class='ocr_carea' id='block_1_15' title="bbox 250 3221 1759 3310">
    <p class='ocr_par' dir='ltr' id='par_1_16' title="bbox 250 3221 1759 3310">
     <span class='ocr_line' id='line_1_31' title="bbox 250 3221 1759 3310; baseline -0.001 -21"><span class='ocrx_word' id='word_1_182' title='bbox 250 3240 634 3310; x_wconf 85' lang='lat' dir='ltr'><strong>peratorum</strong></span> <span class='ocrx_word' id='word_1_183' title='bbox 670 3225 1012 3288; x_wconf 80' lang='lat' dir='ltr'><strong>historiam</strong></span> <span class='ocrx_word' id='word_1_184' title='bbox 1064 3226 1363 3290; x_wconf 80' lang='lat' dir='ltr'><strong>vidimus.</strong></span> <span class='ocrx_word' id='word_1_185' title='bbox 1407 3228 1511 3287; x_wconf 86' lang='lat' dir='ltr'><strong>Ex</strong></span> <span class='ocrx_word' id='word_1_186' title='bbox 1547 3221 1759 3288; x_wconf 57' lang='lat' dir='ltr'><strong>Anto-³</strong></span> 
     </span>
    </p>
   </div>
   <div class='ocr_carea' id='block_1_16' title="bbox 258 3325 1757 3914">
    <p class='ocr_par' dir='ltr' id='par_1_17' title="bbox 258 3325 1757 3914">
     <span class='ocr_line' id='line_1_32' title="bbox 258 3325 1751 3411; baseline 0 -24"><span class='ocrx_word' id='word_1_187' title='bbox 258 3326 394 3387; x_wconf 91' lang='lat' dir='ltr'><strong>nini</strong></span> <span class='ocrx_word' id='word_1_188' title='bbox 424 3328 630 3391; x_wconf 87' lang='lat' dir='ltr'><strong>rebus</strong></span> <span class='ocrx_word' id='word_1_189' title='bbox 667 3329 869 3411; x_wconf 87' lang='lat' dir='ltr'><strong>gestis</strong></span> <span class='ocrx_word' id='word_1_190' title='bbox 909 3327 1040 3389; x_wconf 87' lang='lat' dir='ltr'><strong>huc</strong></span> <span class='ocrx_word' id='word_1_191' title='bbox 1076 3330 1412 3409; x_wconf 83' lang='lat' dir='ltr'><strong>pertinens</strong></span> <span class='ocrx_word' id='word_1_192' title='bbox 1447 3325 1612 3387; x_wconf 91' lang='lat' dir='ltr'><strong>nihil</strong></span> <span class='ocrx_word' id='word_1_193' title='bbox 1647 3345 1751 3387; x_wconf 90' lang='lat' dir='ltr'><strong>re-</strong></span> 
     </span>
     <span class='ocr_line' id='line_1_33' title="bbox 264 3427 1750 3512; baseline 0.001 -24"><span class='ocrx_word' id='word_1_194' title='bbox 264 3427 450 3511; x_wconf 86' lang='lat' dir='ltr'><strong>perio</strong></span> <span class='ocrx_word' id='word_1_195' title='bbox 474 3472 493 3503; x_wconf 88' lang='lat'>,</span> <span class='ocrx_word' id='word_1_196' title='bbox 555 3429 685 3490; x_wconf 89' lang='lat' dir='ltr'><strong>nisi</strong></span> <span class='ocrx_word' id='word_1_197' title='bbox 744 3427 924 3512; x_wconf 86' lang='lat' dir='ltr'><strong>quod</strong></span> <span class='ocrx_word' id='word_1_198' title='bbox 983 3427 1250 3491; x_wconf 86' lang='lat' dir='ltr'><strong>tradidit</strong></span> <span class='ocrx_word' id='word_1_199' title='bbox 1310 3427 1750 3512; x_wconf 75' lang='lat' dir='ltr'><strong>Capitolinus:</strong></span> 
     </span>
     <span class='ocr_line' id='line_1_34' title="bbox 268 3532 1755 3609; baseline 0.001 -22"><span class='ocrx_word' id='word_1_200' title='bbox 268 3532 650 3590; x_wconf 79' lang='lat' dir='ltr'><strong>Parthorum</strong></span> <span class='ocrx_word' id='word_1_201' title='bbox 681 3550 891 3609; x_wconf 73' lang='lat' dir='ltr'><strong>reqem</strong></span> <span class='ocrx_word' id='word_1_202' title='bbox 922 3533 1006 3591; x_wconf 83' lang='lat' dir='ltr'><strong>ab</strong></span> <span class='ocrx_word' id='word_1_203' title='bbox 1036 3533 1478 3592; x_wconf 75' lang='lat' dir='ltr'><strong>Armeniorum</strong></span> <span class='ocrx_word' id='word_1_204' title='bbox 1519 3551 1755 3609; x_wconf 56' lang='grc' dir='ltr'><strong>θεωρημ-</strong></span> 
     </span>
     <span class='ocr_line' id='line_1_35' title="bbox 269 3630 1756 3713; baseline 0.001 -24"><span class='ocrx_word' id='word_1_205' title='bbox 269 3633 530 3691; x_wconf 74' lang='lat' dir='ltr'><strong>natione</strong></span> <span class='ocrx_word' id='word_1_206' title='bbox 562 3633 721 3692; x_wconf 70' lang='lat' dir='ltr'><strong>solis</strong></span> <span class='ocrx_word' id='word_1_207' title='bbox 755 3633 963 3692; x_wconf 75' lang='lat' dir='ltr'><strong>literis</strong></span> <span class='ocrx_word' id='word_1_208' title='bbox 991 3632 1254 3709; x_wconf 75' lang='lat' dir='ltr'><strong>repulit,</strong></span> <span class='ocrx_word' id='word_1_209' title='bbox 1292 3642 1484 3713; x_wconf 87' lang='lat' dir='ltr'><strong>atque</strong></span> <span class='ocrx_word' id='word_1_210' title='bbox 1511 3630 1634 3692; x_wconf 90' lang='lat' dir='ltr'><strong>etsi</strong></span> <span class='ocrx_word' id='word_1_211' title='bbox 1654 3649 1756 3691; x_wconf 86' lang='lat' dir='ltr'><strong>re·</strong></span> 
     </span>
     <span class='ocr_line' id='line_1_36' title="bbox 267 3729 1756 3812; baseline 0.002 -25"><span class='ocrx_word' id='word_1_212' title='bbox 267 3729 443 3811; x_wconf 85' lang='lat' dir='ltr'><strong>liqua</strong></span> <span class='ocrx_word' id='word_1_213' title='bbox 494 3729 716 3791; x_wconf 80' lang='lat' dir='ltr'><strong>omnia</strong></span> <span class='ocrx_word' id='word_1_214' title='bbox 757 3730 1173 3812; x_wconf 76' lang='lat' dir='ltr'><strong>ignoremus,</strong></span> <span class='ocrx_word' id='word_1_215' title='bbox 1233 3730 1487 3793; x_wconf 80' lang='lat' dir='ltr'><strong>faciunt</strong></span> <span class='ocrx_word' id='word_1_216' title='bbox 1539 3743 1756 3794; x_wconf 81' lang='lat' dir='ltr'><strong>tamen</strong></span> 
     </span>
     <span class='ocr_line' id='line_1_37' title="bbox 263 3829 1757 3914; baseline 0.001 -22"><span class='ocrx_word' id='word_1_217' title='bbox 263 3829 475 3904; x_wconf 84' lang='lat' dir='ltr'><strong>numi,</strong></span> <span class='ocrx_word' id='word_1_218' title='bbox 513 3842 599 3890; x_wconf 83' lang='lat' dir='ltr'><strong>ut</strong></span> <span class='ocrx_word' id='word_1_219' title='bbox 619 3829 833 3900; x_wconf 82' lang='lat' dir='ltr'><strong>minus</strong></span> <span class='ocrx_word' id='word_1_220' title='bbox 862 3830 1264 3914; x_wconf 79' lang='lat' dir='ltr'><strong>ignoremus.</strong></span> <span class='ocrx_word' id='word_1_221' title='bbox 1308 3832 1542 3894; x_wconf 88' lang='lat' dir='ltr'><strong>Fuisse</strong></span> <span class='ocrx_word' id='word_1_222' title='bbox 1583 3832 1757 3894; x_wconf 82' lang='lat' dir='ltr'><strong>hunc</strong></span> 
     </span>
    </p>
   </div>
   <div class='ocr_carea' id='block_1_17' title="bbox 266 3930 1761 4116">
    <p class='ocr_par' dir='ltr' id='par_1_18' title="bbox 266 3930 1761 4116">
     <span class='ocr_line' id='line_1_38' title="bbox 266 3930 1759 4015; baseline 0.002 -25"><span class='ocrx_word' id='word_1_223' title='bbox 266 3930 617 3992; x_wconf 81' lang='lat' dir='ltr'><strong>Armeniae</strong></span> <span class='ocrx_word' id='word_1_224' title='bbox 668 3950 896 4015; x_wconf 85' lang='lat' dir='ltr'><strong>regem</strong></span> <span class='ocrx_word' id='word_1_225' title='bbox 935 3930 1017 3993; x_wconf 85' lang='lat' dir='ltr'><strong>ab</strong></span> <span class='ocrx_word' id='word_1_226' title='bbox 1065 3932 1397 3996; x_wconf 82' lang='lat' dir='ltr'><strong>Antonine</strong></span> <span class='ocrx_word' id='word_1_227' title='bbox 1446 3933 1759 3996; x_wconf 86' lang='lat' dir='ltr'><strong>constitu-</strong></span> 
     </span>
     <span class='ocr_line' id='line_1_39' title="bbox 267 4031 1761 4116; baseline 0.003 -27"><span class='ocrx_word' id='word_1_228' title='bbox 267 4042 403 4102; x_wconf 79' lang='lat' dir='ltr'><strong>tum</strong></span> <span class='ocrx_word' id='word_1_229' title='bbox 432 4031 702 4100; x_wconf 84' lang='lat' dir='ltr'><strong>nomine</strong></span> <span class='ocrx_word' id='word_1_230' title='bbox 725 4032 1297 4109; x_wconf 69' lang='lat' dir='ltr'><strong>Achaemenidem,</strong></span> <span class='ocrx_word' id='word_1_231' title='bbox 1342 4055 1572 4116; x_wconf 86' lang='lat' dir='ltr'><strong>parum</strong></span> <span class='ocrx_word' id='word_1_232' title='bbox 1604 4034 1761 4097; x_wconf 84' lang='lat' dir='ltr'><strong>con-</strong></span> 
     </span>
    </p>
   </div>
   <div class='ocr_carea' id='block_1_18' title="bbox 273 4120 1760 4215">
    <p class='ocr_par' dir='ltr' id='par_1_19' title="bbox 273 4120 1760 4215">
     <span class='ocr_line' id='line_1_40' title="bbox 273 4120 1760 4215; baseline 0.004 -24"><span class='ocrx_word' id='word_1_233' title='bbox 273 4129 460 4194; x_wconf 84' lang='lat' dir='ltr'><strong>cinne</strong></span> <span class='ocrx_word' id='word_1_234' title='bbox 514 4150 599 4193; x_wconf 87' lang='lat' dir='ltr'><strong>ex</strong></span> <span class='ocrx_word' id='word_1_235' title='bbox 642 4120 1002 4196; x_wconf 75' lang='lat' dir='ltr'><strong>Iamhli&#39;cho</strong></span> <span class='ocrx_word' id='word_1_236' title='bbox 1041 4132 1216 4215; x_wconf 87' lang='lat' dir='ltr'><strong>apud</strong></span> <span class='ocrx_word' id='word_1_237' title='bbox 1275 4133 1583 4206; x_wconf 81' lang='lat' dir='ltr'><strong>Photium</strong></span> <span class='ocrx_word' id='word_1_238' title='bbox 1638 4135 1760 4197; x_wconf 90' lang='lat' dir='ltr'><strong>Co·</strong></span> 
     </span>
    </p>
   </div>
   <div class='ocr_carea' id='block_1_19' title="bbox 276 4229 1311 4314">
    <p class='ocr_par' dir='ltr' id='par_1_20' title="bbox 276 4229 1311 4314">
     <span class='ocr_line' id='line_1_41' title="bbox 276 4229 1311 4314; baseline 0.003 -23"><span class='ocrx_word' id='word_1_239' title='bbox 276 4229 420 4300; x_wconf 68' lang='lat' dir='ltr'><strong>,dice</strong></span> <span class='ocrx_word' id='word_1_240' title='bbox 453 4241 559 4314; x_wconf 68' lang='lat'><strong>94.</strong></span> <span class='ocrx_word' id='word_1_241' title='bbox 592 4232 769 4295; x_wconf 84' lang='lat' dir='ltr'><strong>eruit</strong></span> <span class='ocrx_word' id='word_1_242' title='bbox 807 4232 1196 4302; x_wconf 79' lang='lat' dir='ltr'><strong>Vaillantius</strong></span> <span class='ocrx_word' id='word_1_243' title='bbox 1231 4234 1311 4313; x_wconf 77' lang='lat'><strong>⁸).</strong></span> 
     </span>
    </p>
   </div>
   <div class='ocr_carea' id='block_1_20' title="bbox 995 4333 1299 4412">
    <p class='ocr_par' dir='ltr' id='par_1_21' title="bbox 995 4333 1299 4412">
     <span class='ocr_line' id='line_1_42' title="bbox 995 4333 1299 4412; baseline -0.013 0"><span class='ocrx_word' id='word_1_244' title='bbox 995 4333 1299 4412; x_wconf 52' lang='lat'><strong>¹³.-</strong></span> 
     </span>
    </p>
   </div>
   <div class='ocr_carea' id='block_1_21' title="bbox 455 4377 910 4498">
    <p class='ocr_par' dir='ltr' id='par_1_22' title="bbox 455 4377 910 4498">
     <span class='ocr_line' id='line_1_43' title="bbox 455 4377 910 4498; baseline -0.009 0"><span class='ocrx_word' id='word_1_245' title='bbox 455 4485 459 4498; x_wconf 89' lang='lat'><strong>.</strong></span> <span class='ocrx_word' id='word_1_246' title='bbox 570 4440 654 4497; x_wconf 64' lang='grc' dir='ltr'><strong>γι</strong></span> <span class='ocrx_word' id='word_1_247' title='bbox 693 4438 789 4498; x_wconf 73' lang='lat' dir='ltr'><strong>m.</strong></span> <span class='ocrx_word' id='word_1_248' title='bbox 825 4377 910 4498; x_wconf 62' lang='lat'><strong>51.</strong></span> 
     </span>
    </p>
   </div>
   <div class='ocr_carea' id='block_1_22' title="bbox 283 4533 1764 4630">
    <p class='ocr_par' dir='ltr' id='par_1_23' title="bbox 283 4533 1764 4630">
     <span class='ocr_line' id='line_1_44' title="bbox 283 4533 1764 4630; baseline 0.005 -37"><span class='ocrx_word' id='word_1_249' title='bbox 283 4533 477 4596; x_wconf 59' lang='lat' dir='ltr'><strong>mex</strong></span> <span class='ocrx_word' id='word_1_250' title='bbox 520 4534 1220 4630; x_wconf 68' lang='lat' dir='ltr'><strong>QvAn1s.nA&#39;rv8.</strong></span> <span class='ocrx_word' id='word_1_251' title='bbox 1258 4538 1327 4602; x_wconf 78' lang='lat' dir='ltr'><strong>s,</strong></span> <span class='ocrx_word' id='word_1_252' title='bbox 1367 4539 1440 4603; x_wconf 88' lang='lat' dir='ltr'><strong>c.</strong></span> <span class='ocrx_word' id='word_1_253' title='bbox 1484 4542 1764 4620; x_wconf 73' lang='lat' dir='ltr'><strong>Jmpm-</strong></span> 
     </span>
    </p>
   </div>
   <div class='ocr_carea' id='block_1_23' title="bbox 1850 2824 2763 2903">
    <p class='ocr_par' dir='ltr' id='par_1_24' title="bbox 1850 2824 2763 2903">
     <span class='ocr_line' id='line_1_45' title="bbox 1850 2824 2763 2903; baseline -0.003 -17"><span class='ocrx_word' id='word_1_254' title='bbox 1850 2835 2188 2903; x_wconf 58' lang='lat' dir='ltr'><strong>’tropaeum</strong></span> <span class='ocrx_word' id='word_1_255' title='bbox 2246 2842 2433 2901; x_wconf 73' lang='lat' dir='ltr'><strong>super</strong></span> <span class='ocrx_word' id='word_1_256' title='bbox 2488 2824 2763 2883; x_wconf 68' lang='lat' dir='ltr'><strong>humer-0.</strong></span> 
     </span>
    </p>
   </div>
   <div class='ocr_carea' id='block_1_24' title="bbox 1846 1490 3422 2195">
    <p class='ocr_par' dir='ltr' id='par_1_25' title="bbox 1846 1490 3422 2195">
     <span class='ocr_line' id='line_1_46' title="bbox 1846 1490 3422 1586; baseline -0.004 -18"><span class='ocrx_word' id='word_1_257' title='bbox 1846 1508 2179 1570; x_wconf 79' lang='lat' dir='ltr'><strong>historicis</strong></span> <span class='ocrx_word' id='word_1_258' title='bbox 2256 1503 2557 1568; x_wconf 87' lang='lat' dir='ltr'><strong>omnihus</strong></span> <span class='ocrx_word' id='word_1_259' title='bbox 2603 1503 2807 1567; x_wconf 87' lang='lat' dir='ltr'><strong>numi</strong></span> <span class='ocrx_word' id='word_1_260' title='bbox 2878 1490 3332 1586; x_wconf 75' lang='lat' dir='ltr'><strong>Pronunciant.</strong></span> <span class='ocrx_word' id='word_1_261' title='bbox 3403 1504 3422 1523; x_wconf 73' lang='grc'><strong>“”</strong></span> 
     </span>
     <span class='ocr_line' id='line_1_47' title="bbox 1846 1569 3336 1710; baseline -0.005 -37"><span class='ocrx_word' id='word_1_262' title='bbox 1846 1610 2008 1710; x_wconf 82' lang='lat' dir='ltr'><strong>Ejus</strong></span> <span class='ocrx_word' id='word_1_263' title='bbox 2073 1608 2286 1691; x_wconf 81' lang='lat' dir='ltr'><strong>gentis</strong></span> <span class='ocrx_word' id='word_1_264' title='bbox 2345 1569 2617 1667; x_wconf 75' lang='lat' dir='ltr'><strong>historia</strong></span> <span class='ocrx_word' id='word_1_265' title='bbox 2677 1603 2883 1686; x_wconf 88' lang='lat' dir='ltr'><strong>magis</strong></span> <span class='ocrx_word' id='word_1_266' title='bbox 2950 1601 3069 1663; x_wconf 88' lang='lat' dir='ltr'><strong>suh</strong></span> <span class='ocrx_word' id='word_1_267' title='bbox 3123 1599 3336 1666; x_wconf 80' lang='lat' dir='ltr'><strong>Marci</strong></span> 
     </span>
     <span class='ocr_line' id='line_1_48' title="bbox 1848 1702 3334 1793; baseline -0.003 -23"><span class='ocrx_word' id='word_1_268' title='bbox 1848 1710 2127 1793; x_wconf 87' lang='lat' dir='ltr'><strong>imperio</strong></span> <span class='ocrx_word' id='word_1_269' title='bbox 2160 1707 2460 1791; x_wconf 77' lang='lat' dir='ltr'><strong>cognita,</strong></span> <span class='ocrx_word' id='word_1_270' title='bbox 2515 1726 2589 1768; x_wconf 93' lang='lat' dir='ltr'><strong>ac</strong></span> <span class='ocrx_word' id='word_1_271' title='bbox 2638 1705 2812 1767; x_wconf 74' lang='lat' dir='ltr'><strong>foite</strong></span> <span class='ocrx_word' id='word_1_272' title='bbox 2863 1702 3050 1764; x_wconf 86' lang='lat' dir='ltr'><strong>datus</strong></span> <span class='ocrx_word' id='word_1_273' title='bbox 3108 1702 3217 1765; x_wconf 86' lang='lat' dir='ltr'><strong>hic</strong></span> <span class='ocrx_word' id='word_1_274' title='bbox 3252 1702 3334 1765; x_wconf 82' lang='lat' dir='ltr'><strong>ab</strong></span> 
     </span>
     <span class='ocr_line' id='line_1_49' title="bbox 1849 1803 3335 1893; baseline -0.004 -22"><span class='ocrx_word' id='word_1_275' title='bbox 1849 1811 2248 1893; x_wconf 83' lang='lat' dir='ltr'><strong>imperatore</strong></span> <span class='ocrx_word' id='word_1_276' title='bbox 2292 1830 2414 1871; x_wconf 86' lang='lat' dir='ltr'><strong>rex</strong></span> <span class='ocrx_word' id='word_1_277' title='bbox 2457 1807 2634 1871; x_wconf 83' lang='lat' dir='ltr'><strong>idem</strong></span> <span class='ocrx_word' id='word_1_278' title='bbox 2686 1819 2789 1867; x_wconf 83' lang='lat' dir='ltr'><strong>est</strong></span> <span class='ocrx_word' id='word_1_279' title='bbox 2845 1826 2993 1869; x_wconf 87' lang='lat' dir='ltr'><strong>cum</strong></span> <span class='ocrx_word' id='word_1_280' title='bbox 3027 1803 3186 1876; x_wconf 83' lang='lat' dir='ltr'><strong>illo,</strong></span> <span class='ocrx_word' id='word_1_281' title='bbox 3250 1803 3335 1865; x_wconf 87' lang='lat' dir='ltr'><strong>de</strong></span> 
     </span>
     <span class='ocr_line' id='line_1_50' title="bbox 1849 1903 3336 1996; baseline -0.004 -23"><span class='ocrx_word' id='word_1_282' title='bbox 1849 1930 1982 1996; x_wconf 87' lang='lat' dir='ltr'><strong>quo</strong></span> <span class='ocrx_word' id='word_1_283' title='bbox 2012 1910 2306 1995; x_wconf 89' lang='lat' dir='ltr'><strong>loquitur</strong></span> <span class='ocrx_word' id='word_1_284' title='bbox 2348 1907 2749 1991; x_wconf 83' lang='lat' dir='ltr'><strong>Capitol-inus</strong></span> <span class='ocrx_word' id='word_1_285' title='bbox 2790 1906 2855 1968; x_wconf 88' lang='lat' dir='ltr'><strong>in</strong></span> <span class='ocrx_word' id='word_1_286' title='bbox 2911 1906 3042 1968; x_wconf 83' lang='lat' dir='ltr'><strong>vita</strong></span> <span class='ocrx_word' id='word_1_287' title='bbox 3091 1903 3336 1967; x_wconf 69' lang='lat' dir='ltr'><strong>Marcie</strong></span> 
     </span>
     <span class='ocr_line' id='line_1_51' title="bbox 1856 2009 3339 2091; baseline -0.007 -16"><span class='ocrx_word' id='word_1_288' title='bbox 1856 2018 2071 2091; x_wconf 72' lang='lat' dir='ltr'><strong>Quadi</strong></span> <span class='ocrx_word' id='word_1_289' title='bbox 2102 2023 2313 2074; x_wconf 80' lang='lat' dir='ltr'><strong>autem</strong></span> <span class='ocrx_word' id='word_1_290' title='bbox 2357 2014 2594 2072; x_wconf 72' lang='lat' dir='ltr'><strong>amisso</strong></span> <span class='ocrx_word' id='word_1_291' title='bbox 2638 2029 2785 2088; x_wconf 63' lang='grc' dir='ltr'><strong>τερα</strong></span> <span class='ocrx_word' id='word_1_292' title='bbox 2826 2030 2942 2070; x_wconf 79' lang='lat' dir='ltr'><strong>mo</strong></span> <span class='ocrx_word' id='word_1_293' title='bbox 2983 2020 3109 2068; x_wconf 74' lang='lat' dir='ltr'><strong>non</strong></span> <span class='ocrx_word' id='word_1_294' title='bbox 3151 2009 3339 2084; x_wconf 74' lang='lat' dir='ltr'><strong>prius</strong></span> 
     </span>
     <span class='ocr_line' id='line_1_52' title="bbox 1853 2111 3341 2195; baseline -0.007 -18"><span class='ocrx_word' id='word_1_295' title='bbox 1853 2118 2330 2195; x_wconf 76' lang='lat' dir='ltr'><strong>confirmaturos</strong></span> <span class='ocrx_word' id='word_1_296' title='bbox 2357 2131 2530 2184; x_wconf 79' lang='lat' dir='ltr'><strong>eum,</strong></span> <span class='ocrx_word' id='word_1_297' title='bbox 2561 2114 2829 2192; x_wconf 77' lang='lat' dir='ltr'><strong>quierat</strong></span> <span class='ocrx_word' id='word_1_298' title='bbox 2851 2118 3102 2169; x_wconf 75' lang='lat' dir='ltr'><strong>creatus</strong></span> <span class='ocrx_word' id='word_1_299' title='bbox 3117 2151 3134 2181; x_wconf 91' lang='lat'>‚</span> <span class='ocrx_word' id='word_1_300' title='bbox 3171 2111 3341 2167; x_wconf 75' lang='lat' dir='ltr'><strong>dice·</strong></span> 
     </span>
    </p>
   </div>
   <div class='ocr_carea' id='block_1_25' title="bbox 1844 2212 3339 2296">
    <p class='ocr_par' dir='ltr' id='par_1_26' title="bbox 1844 2212 3339 2296">
     <span class='ocr_line' id='line_1_53' title="bbox 1844 2212 3339 2296; baseline -0.003 -22"><span class='ocrx_word' id='word_1_301' title='bbox 1844 2216 2040 2290; x_wconf 77' lang='lat' dir='ltr'><strong>bant,</strong></span> <span class='ocrx_word' id='word_1_302' title='bbox 2086 2234 2280 2296; x_wconf 77' lang='lat' dir='ltr'><strong>quam</strong></span> <span class='ocrx_word' id='word_1_303' title='bbox 2318 2215 2379 2277; x_wconf 66' lang='lat' dir='ltr'><strong>aa·</strong></span> <span class='ocrx_word' id='word_1_304' title='bbox 2431 2214 2668 2273; x_wconf 69' lang='lat' dir='ltr'><strong>nostris</strong></span> <span class='ocrx_word' id='word_1_305' title='bbox 2678 2212 3041 2293; x_wconf 69' lang='lat' dir='ltr'><strong>placuisset</strong></span> <span class='ocrx_word' id='word_1_306' title='bbox 3068 2212 3339 2288; x_wconf 76' lang='lat' dir='ltr'><strong>impora-</strong></span> 
     </span>
    </p>
   </div>
   <div class='ocr_carea' id='block_1_26' title="bbox 1854 2319 2767 2498">
    <p class='ocr_par' dir='ltr' id='par_1_27' title="bbox 1854 2319 2767 2498">
     <span class='ocr_line' id='line_1_54' title="bbox 1854 2319 2121 2381; baseline 0.011 -3"><span class='ocrx_word' id='word_1_307' title='bbox 1854 2319 2121 2381; x_wconf 70' lang='lat' dir='ltr'><strong>toribus.</strong></span> 
     </span>
     <span class='ocr_line' id='line_1_55' title="bbox 2171 2412 2767 2498; baseline -0.002 -61"><span class='ocrx_word' id='word_1_308' title='bbox 2171 2428 2182 2437; x_wconf 77' lang='lat'><strong>.</strong></span> <span class='ocrx_word' id='word_1_309' title='bbox 2562 2412 2602 2454; x_wconf 60' lang='lat'>.</span> <span class='ocrx_word' id='word_1_310' title='bbox 2722 2455 2767 2498; x_wconf 64' lang='lat'>.</span> 
     </span>
    </p>
   </div>
   <div class='ocr_carea' id='block_1_27' title="bbox 1856 2458 3351 3211">
    <p class='ocr_par' dir='ltr' id='par_1_28' title="bbox 2399 2458 2439 2498">
     <span class='ocr_line' id='line_1_56' title="bbox 2399 2458 2439 2498; baseline 0 -7"><span class='ocrx_word' id='word_1_311' title='bbox 2399 2458 2439 2498; x_wconf 56' lang='lat' dir='ltr'>st</span> 
     </span>
    </p>

    <p class='ocr_par' dir='ltr' id='par_1_29' title="bbox 2148 2520 2487 2582">
     <span class='ocr_line' id='line_1_57' title="bbox 2148 2520 2487 2582; baseline -0.009 -1"><span class='ocrx_word' id='word_1_312' title='bbox 2148 2523 2234 2581; x_wconf 80' lang='lat' dir='ltr'><strong>Vt</strong></span> <span class='ocrx_word' id='word_1_313' title='bbox 2272 2520 2369 2582; x_wconf 70' lang='lat' dir='ltr'><strong>lit.</strong></span> <span class='ocrx_word' id='word_1_314' title='bbox 2402 2520 2487 2579; x_wconf 83' lang='lat' dir='ltr'><strong>A.</strong></span> 
     </span>
    </p>

    <p class='ocr_par' dir='ltr' id='par_1_30' title="bbox 1856 2614 3340 2687">
     <span class='ocr_line' id='line_1_58' title="bbox 1856 2614 3340 2687; baseline -0.005 -4.986"><span class='ocrx_word' id='word_1_315' title='bbox 1856 2619 2272 2687; x_wconf 75' lang='lat' dir='ltr'><strong>ROMVLO.</strong></span> <span class='ocrx_word' id='word_1_316' title='bbox 2314 2615 2754 2686; x_wconf 78' lang='lat' dir='ltr'><strong>AVGVSTO.</strong></span> <span class='ocrx_word' id='word_1_317' title='bbox 2790 2616 2858 2680; x_wconf 87' lang='grc'><strong>8.</strong></span> <span class='ocrx_word' id='word_1_318' title='bbox 2897 2614 2969 2678; x_wconf 90' lang='lat' dir='ltr'><strong>C.</strong></span> <span class='ocrx_word' id='word_1_319' title='bbox 3033 2615 3340 2677; x_wconf 58' lang='lat' dir='ltr'><strong>Romulae</strong></span> 
     </span>
    </p>

    <p class='ocr_par' dir='ltr' id='par_1_31' title="bbox 1856 2718 3344 2799">
     <span class='ocr_line' id='line_1_59' title="bbox 1856 2718 3344 2799; baseline -0.005 -16"><span class='ocrx_word' id='word_1_320' title='bbox 1856 2724 2081 2785; x_wconf 72' lang='lat' dir='ltr'><strong>habitu</strong></span> <span class='ocrx_word' id='word_1_321' title='bbox 2113 2722 2391 2782; x_wconf 74' lang='lat' dir='ltr'><strong>militari</strong></span> <span class='ocrx_word' id='word_1_322' title='bbox 2415 2722 2723 2799; x_wconf 60' lang='lat' dir='ltr'><strong>gradiens</strong></span> <span class='ocrx_word' id='word_1_323' title='bbox 2749 2721 2810 2778; x_wconf 78' lang='lat' dir='ltr'><strong>d.</strong></span> <span class='ocrx_word' id='word_1_324' title='bbox 2861 2719 3146 2789; x_wconf 74' lang='lat' dir='ltr'><strong>hastam,</strong></span> <span class='ocrx_word' id='word_1_325' title='bbox 3207 2718 3344 2775; x_wconf 76' lang='lat' dir='ltr'><strong>eive</strong></span> 
     </span>
    </p>

    <p class='ocr_par' dir='ltr' id='par_1_32' title="bbox 1858 2815 3345 3007">
     <span class='ocr_line' id='line_1_60' title="bbox 2833 2815 3345 2895; baseline -0.012 -13"><span class='ocrx_word' id='word_1_326' title='bbox 2833 2818 2973 2881; x_wconf 76' lang='grc' dir='ltr'><strong>ΑΕ.</strong></span> <span class='ocrx_word' id='word_1_327' title='bbox 3035 2818 3087 2878; x_wconf 91' lang='lat'><strong>·1.</strong></span> <span class='ocrx_word' id='word_1_328' title='bbox 3143 2815 3345 2895; x_wconf 73' lang='lat' dir='ltr'><strong>(Mus.</strong></span> 
     </span>
     <span class='ocr_line' id='line_1_61' title="bbox 1858 2920 2555 3007; baseline -0.007 -19"><span class='ocrx_word' id='word_1_329' title='bbox 1858 2926 2129 2990; x_wconf 85' lang='lat' dir='ltr'><strong>Farnes.</strong></span> <span class='ocrx_word' id='word_1_330' title='bbox 2172 2920 2555 3007; x_wconf 89' lang='lat' dir='ltr'><strong>Theupoli.)</strong></span> 
     </span>
    </p>

    <p class='ocr_par' dir='ltr' id='par_1_33' title="bbox 1985 3022 3348 3102">
     <span class='ocr_line' id='line_1_62' title="bbox 1985 3022 3348 3102; baseline -0.007 -15"><span class='ocrx_word' id='word_1_331' title='bbox 1985 3029 2090 3087; x_wconf 86' lang='lat' dir='ltr'><strong>En</strong></span> <span class='ocrx_word' id='word_1_332' title='bbox 2133 3023 2489 3088; x_wconf 85' lang='lat' dir='ltr'><strong>Romulum</strong></span> <span class='ocrx_word' id='word_1_333' title='bbox 2528 3043 2607 3086; x_wconf 91' lang='lat' dir='ltr'><strong>eo</strong></span> <span class='ocrx_word' id='word_1_334' title='bbox 2667 3022 2887 3097; x_wconf 75' lang='lat' dir='ltr'><strong>cultu,</strong></span> <span class='ocrx_word' id='word_1_335' title='bbox 2933 3037 3104 3102; x_wconf 89' lang='lat' dir='ltr'><strong>quo,</strong></span> <span class='ocrx_word' id='word_1_336' title='bbox 3143 3035 3348 3079; x_wconf 83' lang='lat' dir='ltr'><strong>caeso</strong></span> 
     </span>
    </p>

    <p class='ocr_par' dir='ltr' id='par_1_34' title="bbox 1861 3115 3351 3211">
     <span class='ocr_line' id='line_1_63' title="bbox 1861 3115 3351 3211; baseline -0.008 -22"><span class='ocrx_word' id='word_1_337' title='bbox 1861 3129 1931 3189; x_wconf 86' lang='lat' dir='ltr'><strong>in</strong></span> <span class='ocrx_word' id='word_1_338' title='bbox 1966 3147 2183 3211; x_wconf 80' lang='lat' dir='ltr'><strong>pugna</strong></span> <span class='ocrx_word' id='word_1_339' title='bbox 2200 3125 2461 3188; x_wconf 86' lang='lat' dir='ltr'><strong>Acrone</strong></span> <span class='ocrx_word' id='word_1_340' title='bbox 2486 3119 2989 3186; x_wconf 89' lang='lat' dir='ltr'><strong>Cenninensium</strong></span> <span class='ocrx_word' id='word_1_341' title='bbox 3020 3137 3203 3202; x_wconf 86' lang='lat' dir='ltr'><strong>rege,</strong></span> <span class='ocrx_word' id='word_1_342' title='bbox 3240 3115 3351 3177; x_wconf 83' lang='lat' dir='ltr'><strong>de·</strong></span> 
     </span>
    </p>
   </div>
   <div class='ocr_carea' id='block_1_28' title="bbox 1806 3219 3351 3308">
    <p class='ocr_par' dir='ltr' id='par_1_35' title="bbox 1806 3219 3351 3308">
     <span class='ocr_line' id='line_1_64' title="bbox 1806 3219 3351 3308; baseline -0.008 -19"><span class='ocrx_word' id='word_1_343' title='bbox 1806 3295 1807 3298; x_wconf 8' lang='grc' dir='ltr'><strong>Ἴ</strong></span> <span class='ocrx_word' id='word_1_344' title='bbox 1850 3241 2067 3290; x_wconf 74' lang='lat' dir='ltr'><strong>‘tracta</strong></span> <span class='ocrx_word' id='word_1_345' title='bbox 2111 3226 2266 3289; x_wconf 80' lang='lat' dir='ltr'><strong>huic</strong></span> <span class='ocrx_word' id='word_1_346' title='bbox 2302 3225 2511 3308; x_wconf 86' lang='lat' dir='ltr'><strong>spolia</strong></span> <span class='ocrx_word' id='word_1_347' title='bbox 2541 3223 2682 3285; x_wconf 64' lang='lat' dir='ltr'><strong>loti</strong></span> <span class='ocrx_word' id='word_1_348' title='bbox 2713 3219 3017 3283; x_wconf 76' lang='lat' dir='ltr'><strong>Feretiio</strong></span> <span class='ocrx_word' id='word_1_349' title='bbox 3060 3221 3351 3284; x_wconf 84' lang='lat' dir='ltr'><strong>oblatum</strong></span> 
     </span>
    </p>
   </div>
   <div class='ocr_carea' id='block_1_29' title="bbox 1866 3322 3388 3714">
    <p class='ocr_par' dir='ltr' id='par_1_36' title="bbox 1866 3322 3388 3714">
     <span class='ocr_line' id='line_1_65' title="bbox 1866 3322 3354 3405; baseline -0.009 -15"><span class='ocrx_word' id='word_1_350' title='bbox 1866 3329 2022 3392; x_wconf 85' lang='lat' dir='ltr'><strong>ibat.</strong></span> <span class='ocrx_word' id='word_1_351' title='bbox 2072 3329 2316 3390; x_wconf 83' lang='lat' dir='ltr'><strong>Lectus</strong></span> <span class='ocrx_word' id='word_1_352' title='bbox 2363 3325 2625 3387; x_wconf 77' lang='lat' dir='ltr'><strong>videtur</strong></span> <span class='ocrx_word' id='word_1_353' title='bbox 2676 3322 2784 3384; x_wconf 87' lang='lat' dir='ltr'><strong>hic</strong></span> <span class='ocrx_word' id='word_1_354' title='bbox 2836 3335 3028 3405; x_wconf 85' lang='lat' dir='ltr'><strong>typus</strong></span> <span class='ocrx_word' id='word_1_355' title='bbox 3077 3332 3354 3404; x_wconf 83' lang='lat' dir='ltr'><strong>propter</strong></span> 
     </span>
     <span class='ocr_line' id='line_1_66' title="bbox 1869 3420 3355 3509; baseline -0.007 -19"><span class='ocrx_word' id='word_1_356' title='bbox 1869 3427 2269 3509; x_wconf 85' lang='lat' dir='ltr'><strong>singularem</strong></span> <span class='ocrx_word' id='word_1_357' title='bbox 2315 3423 2629 3487; x_wconf 82' lang='lat' dir='ltr'><strong>Antonini</strong></span> <span class='ocrx_word' id='word_1_358' title='bbox 2673 3420 3037 3495; x_wconf 84' lang='lat' dir='ltr'><strong>adfectum,</strong></span> <span class='ocrx_word' id='word_1_359' title='bbox 3083 3439 3212 3504; x_wconf 89' lang='lat' dir='ltr'><strong>quo</strong></span> <span class='ocrx_word' id='word_1_360' title='bbox 3249 3438 3355 3479; x_wconf 84' lang='lat' dir='ltr'><strong>ve-</strong></span> 
     </span>
     <span class='ocr_line' id='line_1_67' title="bbox 1869 3520 3388 3606; baseline -0.007 -15"><span class='ocrx_word' id='word_1_361' title='bbox 1869 3544 2079 3591; x_wconf 81' lang='lat' dir='ltr'><strong>terem</strong></span> <span class='ocrx_word' id='word_1_362' title='bbox 2110 3527 2292 3590; x_wconf 82' lang='lat' dir='ltr'><strong>urhis</strong></span> <span class='ocrx_word' id='word_1_363' title='bbox 2322 3527 2659 3588; x_wconf 85' lang='lat' dir='ltr'><strong>historiam</strong></span> <span class='ocrx_word' id='word_1_364' title='bbox 2682 3568 2698 3599; x_wconf 88' lang='lat'>,</span> <span class='ocrx_word' id='word_1_365' title='bbox 2749 3536 2814 3584; x_wconf 89' lang='lat' dir='ltr'><strong>et</strong></span> <span class='ocrx_word' id='word_1_366' title='bbox 2841 3522 3141 3606; x_wconf 81' lang='lat' dir='ltr'><strong>prodigia</strong></span> <span class='ocrx_word' id='word_1_367' title='bbox 3181 3520 3388 3585; x_wconf 85' lang='lat' dir='ltr'><strong>com-¹</strong></span> 
     </span>
     <span class='ocr_line' id='line_1_68' title="bbox 1870 3622 3357 3714; baseline -0.005 -24"><span class='ocrx_word' id='word_1_368' title='bbox 1870 3631 2105 3714; x_wconf 84' lang='lat' dir='ltr'><strong>plexus</strong></span> <span class='ocrx_word' id='word_1_369' title='bbox 2159 3642 2297 3704; x_wconf 88' lang='lat' dir='ltr'><strong>est,</strong></span> <span class='ocrx_word' id='word_1_370' title='bbox 2346 3641 2420 3690; x_wconf 87' lang='lat' dir='ltr'><strong>ut</strong></span> <span class='ocrx_word' id='word_1_371' title='bbox 2461 3626 2668 3709; x_wconf 84' lang='lat' dir='ltr'><strong>magis</strong></span> <span class='ocrx_word' id='word_1_372' title='bbox 2716 3624 2888 3686; x_wconf 84' lang='lat' dir='ltr'><strong>infra</strong></span> <span class='ocrx_word' id='word_1_373' title='bbox 2923 3643 3004 3684; x_wconf 87' lang='lat' dir='ltr'><strong>ex</strong></span> <span class='ocrx_word' id='word_1_374' title='bbox 3040 3622 3357 3707; x_wconf 69' lang='lat' dir='ltr'><strong>singulari</strong></span> 
     </span>
    </p>
   </div>
   <div class='ocr_carea' id='block_1_30' title="bbox 1848 3725 3361 3812">
    <p class='ocr_par' dir='ltr' id='par_1_37' title="bbox 1848 3725 3361 3812">
     <span class='ocr_line' id='line_1_69' title="bbox 1848 3725 3361 3812; baseline -0.006 -19"><span class='ocrx_word' id='word_1_375' title='bbox 1848 3730 2151 3794; x_wconf 64' lang='lat' dir='ltr'><strong>articulo</strong></span> <span class='ocrx_word' id='word_1_376' title='bbox 2222 3727 2490 3812; x_wconf 84' lang='lat' dir='ltr'><strong>patebit.</strong></span> <span class='ocrx_word' id='word_1_377' title='bbox 2548 3725 2806 3788; x_wconf 86' lang='lat' dir='ltr'><strong>Placuit</strong></span> <span class='ocrx_word' id='word_1_378' title='bbox 2851 3725 3015 3787; x_wconf 84' lang='lat' dir='ltr'><strong>adeo</strong></span> <span class='ocrx_word' id='word_1_379' title='bbox 3070 3737 3361 3785; x_wconf 85' lang='lat' dir='ltr'><strong>moneta-</strong></span> 
     </span>
    </p>
   </div>
   <div class='ocr_carea' id='block_1_31' title="bbox 1873 3825 3359 3913">
    <p class='ocr_par' dir='ltr' id='par_1_38' title="bbox 1873 3825 3359 3913">
     <span class='ocr_line' id='line_1_70' title="bbox 1873 3825 3359 3913; baseline -0.005 -20"><span class='ocrx_word' id='word_1_380' title='bbox 1873 3832 1990 3894; x_wconf 87' lang='lat' dir='ltr'><strong>riis</strong></span> <span class='ocrx_word' id='word_1_381' title='bbox 2015 3874 2033 3907; x_wconf 88' lang='lat'>,</span> <span class='ocrx_word' id='word_1_382' title='bbox 2075 3830 2541 3913; x_wconf 86' lang='lat' dir='ltr'><strong>imperatorem</strong></span> <span class='ocrx_word' id='word_1_383' title='bbox 2574 3827 2750 3887; x_wconf 88' lang='lat' dir='ltr'><strong>hunc</strong></span> <span class='ocrx_word' id='word_1_384' title='bbox 2773 3870 2790 3901; x_wconf 93' lang='lat'>‚</span> <span class='ocrx_word' id='word_1_385' title='bbox 2815 3825 2939 3909; x_wconf 62' lang='lat' dir='ltr'><strong>qui</strong></span> <span class='ocrx_word' id='word_1_386' title='bbox 2965 3825 3359 3887; x_wconf 86' lang='lat' dir='ltr'><strong>resuscitare</strong></span> 
     </span>
    </p>
   </div>
   <div class='ocr_carea' id='block_1_32' title="bbox 1852 3922 3361 4010">
    <p class='ocr_par' dir='ltr' id='par_1_39' title="bbox 1852 3922 3361 4010">
     <span class='ocr_line' id='line_1_71' title="bbox 1852 3922 3361 4010; baseline -0.009 -15"><span class='ocrx_word' id='word_1_387' title='bbox 1852 3950 2166 3995; x_wconf 72' lang='lat' dir='ltr'><strong>amorem</strong></span> <span class='ocrx_word' id='word_1_388' title='bbox 2197 3929 2264 3989; x_wconf 90' lang='lat' dir='ltr'><strong>in</strong></span> <span class='ocrx_word' id='word_1_389' title='bbox 2294 3926 2567 4010; x_wconf 86' lang='lat' dir='ltr'><strong>patriam</strong></span> <span class='ocrx_word' id='word_1_390' title='bbox 2610 3938 2702 3986; x_wconf 89' lang='lat' dir='ltr'><strong>tot</strong></span> <span class='ocrx_word' id='word_1_391' title='bbox 2751 3922 3078 4008; x_wconf 86' lang='lat' dir='ltr'><strong>prodigiis·</strong></span> <span class='ocrx_word' id='word_1_392' title='bbox 3104 3923 3184 3984; x_wconf 86' lang='lat' dir='ltr'><strong>ad</strong></span> <span class='ocrx_word' id='word_1_393' title='bbox 3209 3943 3361 3984; x_wconf 90' lang='lat' dir='ltr'><strong>eum</strong></span> 
     </span>
    </p>
   </div>
   <div class='ocr_carea' id='block_1_33' title="bbox 1874 4022 3390 4616">
    <p class='ocr_par' dir='ltr' id='par_1_40' title="bbox 1874 4022 3390 4616">
     <span class='ocr_line' id='line_1_72' title="bbox 1874 4022 3360 4116; baseline -0.008 -21"><span class='ocrx_word' id='word_1_394' title='bbox 1874 4031 2126 4116; x_wconf 87' lang='lat' dir='ltr'><strong>apicem</strong></span> <span class='ocrx_word' id='word_1_395' title='bbox 2177 4041 2507 4100; x_wconf 77' lang='lat' dir='ltr'><strong>evectam,</strong></span> <span class='ocrx_word' id='word_1_396' title='bbox 2554 4022 2788 4107; x_wconf 83' lang='lat' dir='ltr'><strong>quibus</strong></span> <span class='ocrx_word' id='word_1_397' title='bbox 2820 4036 3081 4105; x_wconf 81' lang='lat' dir='ltr'><strong>poterat</strong></span> <span class='ocrx_word' id='word_1_398' title='bbox 3114 4022 3360 4095; x_wconf 83' lang='lat' dir='ltr'><strong>modis,</strong></span> 
     </span>
     <span class='ocr_line' id='line_1_73' title="bbox 1876 4123 3390 4210; baseline -0.011 -13"><span class='ocrx_word' id='word_1_399' title='bbox 1876 4145 2148 4197; x_wconf 71' lang='lat' dir='ltr'><strong>conatus</strong></span> <span class='ocrx_word' id='word_1_400' title='bbox 2215 4142 2351 4204; x_wconf 87' lang='lat' dir='ltr'><strong>est,</strong></span> <span class='ocrx_word' id='word_1_401' title='bbox 2408 4126 2591 4189; x_wconf 83' lang='lat' dir='ltr'><strong>velut</strong></span> <span class='ocrx_word' id='word_1_402' title='bbox 2633 4124 2988 4185; x_wconf 83' lang='lat' dir='ltr'><strong>Romulum</strong></span> <span class='ocrx_word' id='word_1_403' title='bbox 3054 4123 3390 4210; x_wconf 75' lang='lat' dir='ltr'><strong>alterum,=</strong></span> 
     </span>
     <span class='ocr_line' id='line_1_74' title="bbox 1876 4228 3366 4316; baseline -0.007 -21"><span class='ocrx_word' id='word_1_404' title='bbox 1876 4250 2114 4316; x_wconf 81' lang='lat' dir='ltr'><strong>nempe</strong></span> <span class='ocrx_word' id='word_1_405' title='bbox 2189 4228 2709 4301; x_wconf 78' lang='lat' dir='ltr'><strong>AVGVSTVM‚</strong></span> <span class='ocrx_word' id='word_1_406' title='bbox 2768 4243 3142 4309; x_wconf 81' lang='lat' dir='ltr'><strong>proponere</strong></span> <span class='ocrx_word' id='word_1_407' title='bbox 3165 4268 3181 4299; x_wconf 85' lang='lat'>‚</span> <span class='ocrx_word' id='word_1_408' title='bbox 3240 4228 3366 4286; x_wconf 85' lang='lat' dir='ltr'><strong>etsi</strong></span> 
     </span>
     <span class='ocr_line' id='line_1_75' title="bbox 1878 4325 3370 4419; baseline -0.007 -21"><span class='ocrx_word' id='word_1_409' title='bbox 1878 4349 2156 4419; x_wconf 87' lang='lat' dir='ltr'><strong>propter</strong></span> <span class='ocrx_word' id='word_1_410' title='bbox 2195 4328 2409 4414; x_wconf 87' lang='lat' dir='ltr'><strong>pacis,</strong></span> <span class='ocrx_word' id='word_1_411' title='bbox 2471 4347 2546 4390; x_wconf 89' lang='lat' dir='ltr'><strong>ac</strong></span> <span class='ocrx_word' id='word_1_412' title='bbox 2601 4325 2863 4410; x_wconf 85' lang='lat' dir='ltr'><strong>pietatis</strong></span> <span class='ocrx_word' id='word_1_413' title='bbox 2922 4325 3193 4388; x_wconf 84' lang='lat' dir='ltr'><strong>consilia</strong></span> <span class='ocrx_word' id='word_1_414' title='bbox 3236 4346 3370 4388; x_wconf 87' lang='lat' dir='ltr'><strong>ma·</strong></span> 
     </span>
     <span class='ocr_line' id='line_1_76' title="bbox 1882 4425 3367 4519; baseline -0.006 -24"><span class='ocrx_word' id='word_1_415' title='bbox 1882 4435 1983 4519; x_wconf 87' lang='lat' dir='ltr'><strong>gis</strong></span> <span class='ocrx_word' id='word_1_416' title='bbox 2029 4433 2281 4496; x_wconf 86' lang='lat' dir='ltr'><strong>Numae</strong></span> <span class='ocrx_word' id='word_1_417' title='bbox 2342 4453 2381 4492; x_wconf 81' lang='lat' dir='ltr'><strong>a</strong></span> <span class='ocrx_word' id='word_1_418' title='bbox 2436 4427 2771 4493; x_wconf 78' lang='lat' dir='ltr'><strong>veteribus</strong></span> <span class='ocrx_word' id='word_1_419' title='bbox 2820 4425 3210 4488; x_wconf 85' lang='lat' dir='ltr'><strong>assimilatus</strong></span> <span class='ocrx_word' id='word_1_420' title='bbox 3264 4425 3367 4487; x_wconf 85' lang='lat' dir='ltr'><strong>sit.</strong></span> 
     </span>
     <span class='ocr_line' id='line_1_77' title="bbox 1879 4526 3371 4616; baseline -0.006 -19"><span class='ocrx_word' id='word_1_421' title='bbox 1879 4535 2008 4599; x_wconf 86' lang='lat' dir='ltr'><strong>Hic</strong></span> <span class='ocrx_word' id='word_1_422' title='bbox 2067 4548 2263 4616; x_wconf 83' lang='lat' dir='ltr'><strong>typus</strong></span> <span class='ocrx_word' id='word_1_423' title='bbox 2293 4543 2395 4594; x_wconf 88' lang='lat' dir='ltr'><strong>est</strong></span> <span class='ocrx_word' id='word_1_424' title='bbox 2419 4529 2620 4592; x_wconf 79' lang='lat' dir='ltr'><strong>etiam</strong></span> <span class='ocrx_word' id='word_1_425' title='bbox 2649 4528 2719 4588; x_wconf 89' lang='lat' dir='ltr'><strong>in</strong></span> <span class='ocrx_word' id='word_1_426' title='bbox 2749 4526 2963 4590; x_wconf 85' lang='lat' dir='ltr'><strong>numis</strong></span> <span class='ocrx_word' id='word_1_427' title='bbox 2998 4526 3212 4589; x_wconf 83' lang='lat' dir='ltr'><strong>aureis</strong></span> <span class='ocrx_word' id='word_1_428' title='bbox 3232 4569 3248 4601; x_wconf 84' lang='lat'>‚</span> <span class='ocrx_word' id='word_1_429' title='bbox 3303 4541 3371 4588; x_wconf 89' lang='lat' dir='ltr'><strong>et</strong></span> 
     </span>
    </p>
   </div>
   <div class='ocr_carea' id='block_1_34' title="bbox 300 4671 3377 4703">
    <p class='ocr_par' dir='ltr' id='par_1_41' title="bbox 300 4671 3377 4703">
     <span class='ocr_line' id='line_1_78' title="bbox 300 4671 3377 4703; baseline 0 1234"><span class='ocrx_word' id='word_1_430' title='bbox 300 4671 3377 4703; x_wconf 95' lang='lat' dir='ltr'><strong> </strong></span> 
     </span>
    </p>
   </div>
   <div class='ocr_carea' id='block_1_35' title="bbox 387 4741 1281 4841">
    <p class='ocr_par' dir='ltr' id='par_1_42' title="bbox 387 4741 1281 4841">
     <span class='ocr_line' id='line_1_79' title="bbox 387 4741 1281 4841; baseline 0.009 -48"><span class='ocrx_word' id='word_1_431' title='bbox 387 4743 450 4809; x_wconf 85' lang='lat' dir='ltr'><strong>a)</strong></span> <span class='ocrx_word' id='word_1_432' title='bbox 488 4741 766 4803; x_wconf 81' lang='lat' dir='ltr'><strong>Arsacid.</strong></span> <span class='ocrx_word' id='word_1_433' title='bbox 808 4743 1116 4841; x_wconf 62' lang='lat' dir='ltr'><strong>imP0‘·‚P·</strong></span> <span class='ocrx_word' id='word_1_434' title='bbox 1155 4757 1281 4811; x_wconf 79' lang='lat'><strong>325.</strong></span> 
     </span>
    </p>
   </div>
  </div>
 </body>
</html>
