4652 5937
1496 379 2398 495 HosTILtAst'
2709 432 2716 437 ·
3101 432 3192 543 g
3292 434 3431 498 351

325 593 899 657 coNconmA.
981 595 1230 658 avoc..
1322 582 1425 657 ἑο]
1497 598 1839 660 rusus.

321 697 1003 768 AVGVSTORVM,
1051 698 1115 757 in
1171 697 1408 781 quibus
1443 714 1707 781 praeter
1744 720 1845 761 ca-

328 797 491 880 pita
524 798 751 873 Decii,
796 798 1231 868 Etruscillae,
1279 811 1344 858 et
1378 797 1697 860 Herennii
1740 821 1847 864 oc-

331 898 566 959 currit
598 898 775 959 aliud
809 921 954 961 cum
974 898 1310 959 Herennio
1342 900 1679 960 sociatum.
1726 902 1847 960 Es·

334 1018 429 1061 so
480 1000 649 1060 illud
694 997 867 1077 ejus,
914 1019 1110 1082 quem
1165 999 1347 1059 numi
1391 999 1567 1065 obvii
1616 1004 1680 1060 C.
1725 1005 1850 1061 Va·

337 1102 591 1161 lentem
621 1103 863 1162 Hostili
864 1121 1058 1162 anum
1088 1103 1389 1162 Messium
1410 1104 1712 1177 Quintum
1742 1122 1852 1182 ap·

284 1230 292 1237 ·
340 1200 645 1282 pellant,
687 1201 864 1261 inter
898 1201 1292 1283 antiquarios
1338 1221 1564 1262 omnes
1613 1221 1850 1264 conve-

336 1301 475 1361 uit.
522 1303 685 1362 Nam
720 1302 1129 1364 Herennium
1149 1322 1293 1365 cum
1312 1301 1682 1363 Hostiliano
1715 1322 1848 1363 non

254 1386 265 1393 ⁴
342 1401 563 1465 modo
601 1403 928 1484 expressis
963 1403 1178 1465 verbis
1224 1403 1558 1486 conjungit
1587 1423 1844 1478 numus,

346 1521 562 1587 quem
629 1503 1058 1586 Spanhemius
1114 1524 1197 1565 ex
1270 1524 1431 1586 gaza
1485 1503 1847 1565 Barberina

346 1604 621 1687 prodit,
667 1605 1054 1687 inscriptus:
1101 1606 1183 1698 Q.
1223 1608 1424 1666 ΗΕΒ.
1461 1607 1661 1666 E'l'R.
1696 1607 1848 1665 DE-

350 1705 580 1771 clVS.
623 1707 697 1767 C.
730 1707 927 1770 VAL.
957 1708 1550 1773 HOSTILIANVS
1586 1708 1641 1784 ὓ)
1664 1749 1683 1778 ,
1728 1705 1846 1767 sed

347 1818 428 1868 et
471 1827 790 1883 marmor,
857 1806 1032 1889 quod
1100 1825 1182 1867 ex
1243 1804 1446 1866 Gorio
1509 1806 1663 1866 citat
1706 1809 1849 1865 Mu·

348 1906 645 1968 ratorius
675 1906 761 1986 b).
822 1911 907 1970 At
941 1908 1113 1971 enim
1150 1918 1332 1970 vetus
1369 1919 1468 1967 est
1497 1906 1670 1967 inter
1704 1926 1852 1966 eru-

352 2007 536 2069 ditos
583 2009 703 2082 lis,
766 2009 911 2071 aliis
965 2011 1137 2071 hune
1183 2005 1619 2068 Hostilianum
1657 2005 1851 2068 Decii

345 2113 594 2189 filium,
641 2109 785 2170 aliis
824 2131 1125 2189 yenerum
1167 2108 1360 2170 enixe
1395 2104 1847 2168 statuentibus.

357 2208 496 2303 Qui
528 2207 736 2270 filium
753 2211 1014 2286 volunt,
1065 2230 1344 2294 quorum
1375 2226 1500 2290 ego
1530 2205 1844 2289 judicium

353 2309 598 2371 lubens
647 2310 1052 2392 amplector,
1114 2314 1408 2374 nituntur
1458 2307 1845 2370 auctoritate

357 2411 649 2487 Zosimi,
695 2413 806 2495 qui
832 2412 1074 2475 diserte
1104 2415 1381 2475 alterum
1414 2409 1607 2472 Decii
1639 2407 1847 2468 filium

360 2527 723 2588 memorat,
782 2516 906 2575 etsi
951 2515 1092 2597 ejus
1134 2534 1371 2576 nomen
1433 2504 1565 2573 non
1606 2508 1848 2592 prodit,

359 2634 560 2697 quem
605 2628 752 2696 post
812 2616 1051 2699 patris,
1116 2616 1466 2698 fratrisque
1528 2608 1848 2672 Herennii

362 2717 676 2776 miserum
737 2714 941 2779 fatum
1004 2716 1127 2777 sibi
1189 2714 1530 2797 conlegam
1577 2712 1847 2773 sociavit

363 2817 821 2878 'l'rebonianus
885 2820 967 2896 c).
1054 2820 1265 2900 Atque
1321 2814 1516 2875 etiam
1578 2833 1720 2874 mos
1780 2809 1846 2870 in

364 2916 530 2980 haec
580 2937 786 3002 usque
838 2933 1133 3002 tempora
1182 2929 1506 2990 servatus,
1557 2934 1687 2998 quo
1724 2910 1845 2972 filii

366 3021 625 3081 censeri
658 3020 871 3080 solent
894 3064 909 3094 ,
956 3020 1067 3102 qui
1094 3017 1270 3099 juxta
1302 3018 1699 3096 imperantes
1738 3034 1846 3094 ap-

366 3121 720 3204 pellatione
779 3134 846 3182 et
888 3122 1068 3183 cultu
1113 3121 1464 3180 Caesarum
1523 3118 1588 3176 in
1633 3113 1847 3176 numis

371 3233 864 3303 proponuntur,
940 3219 1067 3278 nisi
1145 3233 1323 3277 certa
1392 3218 1607 3296 aliqua
1680 3214 1847 3272 ratio

372 3320 543 3386 aliud
568 3319 887 3400 postulet,
934 3317 1190 3399 qualem
1206 3313 1508 3397 profecto
1538 3312 1849 3375 adversae

368 3420 729 3482 sententiae
774 3417 1032 3500 patroni
1073 3415 1359 3478 nondum
1410 3414 1728 3485 attulere,
1774 3410 1850 3487 is,

374 3522 667 3605 inquam,
728 3541 870 3580 mos
934 3516 1107 3578 hand
1166 3536 1366 3599 aegre
1410 3513 1849 3597 persuadebit,

375 3623 573 3686 fuisse
619 3619 1281 3699 Hostilianum‘Decii
1322 3616 1570 3691 filium,
1615 3617 1726 3698 qui
1770 3614 1855 3676 si·

377 3722 514 3787 mili
559 3721 755 3783 modo
819 3742 966 3783 cum
1026 3720 1276 3793 Decio,
1335 3717 1721 3791 Etruscilla,
1786 3727 1853 3778 et

356 3825 708 3900 „Herennio
772 3824 843 3894 in„
880 3822 1093 3882 numis
1137 3819 1574 3902 conjungitur.
1661 3815 1850 3888 Adde
1892 3883 1901 3888 ,

380 3926 567 3988 etiam
603 3928 828 3986 Mes-sii
859 3925 1083 4000 Quinti
1109 3922 1369 3982 nomina
1387 3919 1756 3981 Ho’stiliano
1784 3918 1853 3977 in

375 4024 604 4088 iisdem
651 4025 833 4100 data,
880 4042 1047 4107 quae
1094 4022 1320 4105 utique
1365 4020 1623 4083 nonnisi
1662 4042 1701 4079 a
1745 4039 1854 4099 pa·

378 4141 474 4200 tre
517 4127 760 4188 Messio
806 4125 1051 4219 Quinto
1078 4123 1290 4187 Decio
1326 4122 1619 4185 traxerit.
1679 4113 1849 4189 Vide

294 4300 305 4317 ⁸
378 4241 749 4312 argumenta
787 4228 912 4288 alia
945 4224 1117 4309 apud
1149 4224 1549 4287 Bandurium
1581 4219 1666 4301 d).

2085 595 2215 692 Qui
2251 617 2567 680 generum
2602 597 2879 667 malunt,
2922 592 3086 681 quos
3110 596 3449 682 inim-post

1957 699 2379 774 Paurinium‘,
2428 699 2822 773 Tristanum,
2872 699 3335 781 spanhemium
3370 710 3444 778 ⁰),

1960 802 2252 884 aliosque
2299 800 2422 861 suit
2460 801 2658 861 etiam
2706 800 2990 862 Liebe'es
3034 797 3120 877 s),
3183 820 3445 863 causam

1962 923 2141 983 suam
2190 901 2483 984 patronis
2522 901 2889 976 historicis,
2936 916 3002 964 et
3032 902 3188 984 ipsis
3230 901 3446 964 Hosti-

1965 1003 2121 1064 liani
2198 1000 2570 1061 nominibus
2647 1024 3063 1086 propugnare
3126 1006 3443 1067 nituntur.

1962 1101 2370 1173 Historicos,
2419 1100 2529 1184 qui
2579 1102 2770 1185 liujus
2814 1106 3040 1166 aetatis
3092 1103 3259 1167 facta
3314 1126 3446 1167 me-

1964 1204 2211 1264 moriae
2273 1201 2662 1285 prodidere,
2739 1224 2866 1264 non
2941 1226 3203 1279 moror,
3282 1227 3444 1289 quos

1963 1305 2115 1366 satis
2156 1317 2407 1366 constat
2447 1316 2574 1363 tam
2613 1316 2838 1384 aperte
2881 1303 3002 1363 sibi
3043 1306 3445 1367 contradice-

1960 1424 2077 1489 re,
2125 1419 2223 1479 ut,
2268 1403 2424 1487 quid
2454 1403 3107 1486 denique‘tenendum
3146 1407 3266 1481 sit,
3311 1407 3444 1488 pla·
3470 1432 3484 1442 ·

1960 1507 2225 1567 nissime
2268 1506 2568 1587 ignores,
2618 1524 2782 1587 quae
2820 1506 3030 1567 taedia
3064 1505 3144 1567 ad
3187 1527 3445 1573 causam

1958 1608 2375 1689 praesentem
2403 1604 2794 1687 pertinentia
2814 1607 3040 1668 videre
3066 1616 3259 1688 'potes
3275 1608 3446 1688 apud

1962 1706 2451 1790 Spanhemium.
2536 1705 2638 1765 Ad
2695 1705 2957 1767 nomina
2994 1711 3281 1769 Valentis
3319 1690 3448 1772 Ho-

1960 1811 2215 1887 stiliam
2256 1805 2431 1888 quod
2483 1806 2745 1877 attinet,
2787 1806 2901 1867 itta
2948 1828 3161 1890 neque
3209 1808 3445 1879 Deoia,

1964 1907 2183 1989 ajunt,
2230 1924 2441 1987 neque
2487 1906 2880 1966 Etruscilla'e
2926 1906 3315 1984 inhaesi-sse,
3363 1929 3446 1969 ex

1966 2028 2095 2091 quo
2123 2008 2437 2086 arguunt,
2472 2024 2553 2064 ex
2579 2006 2785 2065 aliena
2813 2026 2958 2066 eum
2982 2023 3175 2090 gente
3207 2009 3268 2068 in
3292 2030 3446 2090 gen-

1963 2120 2092 2169 tem
2128 2106 2396 2166 Deciam
2431 2104 2631 2165 fuisse
2664 2108 3062 2167 translatum.
3108 2110 3445 2175 Verisimi-

1961 2209 2027 2270 le
2066 2208 2266 2289 igitur
2307 2219 2569 2287 putant,
2630 2208 2905 2269 Decium
2942 2222 3250 2270 extraneo
3288 2211 3443 2274 huic

1962 2308 2212 2370 homini
2270 2306 2631 2383 colloeasse
2686 2308 3051 2390 quampiam
3123 2333 3302 2373 suam
3372 2311 3445 2373 fi-

1963 2410 2113 2470 liam
2137 2452 2153 2483 ‚
2201 2427 2480 2489 eumque
2517 2408 2681 2468 adeo
2714 2409 2835 2469 sibi
2869 2430 3183 2490 generum
3221 2410 3443 2476 addito

1964 2510 2258 2573 Caesaris
2302 2506 2555 2568 honore
2605 2508 2975 2571 adscivisse.
3066 2511 3441 2575 Sententiae

1961 2632 2117 2674 suae
2161 2631 2289 2693 quo
2337 2608 2644 2686 majorem
2691 2608 2889 2673 fidem
2945 2610 3275 2690 facerent,
3338 2635 3445 2677 oc·

1963 2712 2312 2784 currebat,
2360 2733 2393 2770 a
2445 2712 2695 2771 Zonara
2740 2725 2804 2772 et
2853 2712 3443 2776 Cedreno'memo·

1960 2815 2096 2876 rari
2168 2812 2515 2896 quemdam
2591 2814 2908 2873 Severum
2985 2814 3440 2893 Hostilianum,

1961 2934 2155 3000 quem
2192 2913 2371 2996 ajunt
2399 2913 2600 2977 fuisse
2638 2913 2809 2976 inter
2844 2908 3259 2979 successores
3278 2917 3446 2981 Gor-

1962 3017 2135 3079 diani
2177 3017 2319 3092 111.,
2372 3016 2556 3098 cujus
2596 3014 2771 3076 filius
2804 3016 3005 3076 fuerit
3037 3018 3446 3081 Hostilianas

1960 3132 2223 3193 noster,
2271 3117 2511 3199 quippe
2548 3121 2769 3178 Mes-sii
2788 3122 3012 3193 Quinti
3042 3120 3305 3181 nomina
3340 3140 3443 3183 ee·

1962 3218 2137 3299 perit.
2176 3239 2209 3276 a
2253 3199 2464 3278 Decio
2519 3216 2903 3298 adoptante,
2971 3222 3259 3280 Valentis
3314 3224 3447 3281 Ho-

1963 3318 2220 3377 otiliam·
2262 3337 2296 3375 a
2340 3301 2526 3397 patre
2569 3315 2872 3377 naturali.
2958 3318 3139 3379 Haec
3178 3320 3299 3382 illi.
3363 3321 3447 3383 At

1963 3416 2141 3480 ‚enim
2176 3412 2502 3475 infirmum
2537 3430 2636 3476 est
2667 3431 3120 3497 argumentum
3151 3418 3326 3480 istud
3363 3441 3448 3484 ex

1966 3511 2339 3578 nominibus
2378 3530 2655 3598 captum.
2743 3519 2973 3599 Neque
3026 3519 3199 3578 enim
3251 3517 3371 3582 filii
3406 3543 3445 3584 a

1964 3630 2149 3699 patre
2208 3631 2454 3680 tantum
2505 3639 2581 3681 ac
2636 3630 2880 3691 matre,
2944 3616 3060 3677 sed
3122 3640 3243 3682 avo
3287 3642 3448 3704 quo·

1966 3738 2093 3801 que
2130 3739 2204 3781 ac
2227 3718 2373 3781 avia
2408 3739 2518 3779 sua
2549 3719 2886 3801 collegere
2919 3719 3200 3781 nomina.
3275 3724 3446 3784 Mut-

1965 3833 2036 3882 to
2080 3833 2270 3895 ante,
2337 3832 2408 3880 ut
2449 3821 2672 3902 paucis
2735 3821 3055 3902 exemplis
3112 3836 3290 3899 utar,
3352 3829 3444 3886 M.

1964 3921 2273 3982 Aurelius
2318 3918 2398 3981 ab
2443 3941 2563 3983 avo
2628 3920 2838 3981 dictus
2880 3935 2985 3982 est
3032 3923 3274 3984 Annius
3316 3927 3447 3992 Ve-

1965 4040 2117 4095 rus,
2178 4042 2215 4082 a
2261 4042 2504 4103 proavo
2563 4034 2857 4083 materno
2921 4021 3189 4082 Catilius
3249 4025 3448 4089 Seve-

1962 4141 2077 4183 rus
2108 4121 2191 4199 Β).
2255 4122 2422 4182 Geta
2457 4121 2688 4184 Severi
2722 4122 2796 4181 F.
2834 4140 3074 4183 nomen
3115 4122 3379 4186 abstulit
3406 4149 3446 4189 a

1963 4222 2132 4286 Geta
2164 4241 2285 4306 avo
2331 4234 2640 4304 paterno,
2688 4220 2790 4282 vel
2826 4235 3059 4303 patruo
3090 4218 3178 4304 ¹²).
3254 4224 3456 4288 Cara...

443 4550 503 4619 a)
538 4548 702 4604 Tom.
736 4545 808 4602 11.
847 4567 905 4622 p.
928 4546 1053 4608 256.
1161 4546 1232 4619 b)
1269 4548 1408 4621 Pag.
1442 4555 1566 4608 252.
1600 4546 1656 4607 6‘.
1770 4546 1827 4611 e)
1866 4541 1930 4598 L.
1963 4540 2006 4598 I.
2038 4539 2147 4597 sub
2179 4526 2434 4598 Trebou.
2549 4540 2616 4614 d)
2657 4543 2717 4599 in
2741 4542 2925 4619 praef.
2956 4541 3034 4600 ad
3050 4545 3214 4601 Tom.
3239 4546 3282 4603 1.
3301 4568 3361 4622 p.
3385 4559 3436 4612 5.

384 4639 436 4709 e)
473 4634 508 4693 l.
550 4656 598 4694 c.
711 4635 765 4708 0
808 4633 984 4693 Goth.
1024 4653 1181 4691 num.
1214 4656 1275 4711 p.
1305 4643 1433 4709 429.
1542 4636 1607 4710 g)
1637 4631 1958 4710 Capitolia.
1990 4628 2272 4690 inAu'rel.
2303 4648 2355 4688 e.
2381 4643 2432 4688 ι.
2541 4628 2611 4705 h)
2654 4631 2949 4709 spartian.
2985 4633 3046 4691 in
3065 4632 3213 4693 Geta
3246 4648 3366 4698 e.2.
