4652 5937
1115 506 1262 579 232»

1112 691 1319 744 retur.
1406 669 1737 739 Est-baec
1778 666 2195 751 conjectura,
2258 680 2342 727 ex
2386 663 2604 729 subito

1069 783 1084 797 ”
1114 785 1243 846 hoc
1278 779 1347 841 in
1384 775 1591 840 Getae
1614 770 1832 835 numis
1875 782 2026 855 post
2056 765 2287 832 Severi
2322 778 2604 829 mortem

1072 880 1082 888 ’
1114 884 1257 965 ejus
1292 873 1624 965 dignitatis
1656 871 1969 959 neglectu
2016 867 2269 985 petita,
2298 888 2491 952 quam
2525 866 2606 931 li-

1946 596 1977 623 d

1112 984 1353 1048 beuter
1403 973 1844 1061 aspernabor,
1917 989 2068 1033 cum
2123 966 2410 1053 primum
2456 967 2630 1053 quis.

1111 1103 1384 1148 numum
1425 1074 1605 1142 aliud
1645 1072 1994 1139 docentem
2039 1068 2377 1135 obtulerit.
2434 1069 2603 1129 Nam

1108 1199 1182 1252 ut
1220 1186 1416 1266 saepe
1446 1173 1786 1265 professus
1821 1171 1989 1251 sum,
2036 1172 2200 1237 nihil
2239 1174 2347 1232 me
2381 1154 2605 1231 movet

1109 1286 1303 1351 unius
1337 1276 1758 1346 Mediobarbi
1804 1277 2195 1353 auctoritas,
2246 1269 2606 1356 praecipue

1113 1407 1262 1453 uum
1298 1403 1505 1461 nova,
1562 1392 1633 1443 et
1667 1377 1960 1441 inaudita
2003 1374 2244 1441 adfert.
2299 1372 2462 1433 Plus
2495 1368 2607 1433 de-

1047 1523 1050 1526 *
1109 1488 1260 1552 fero
1294 1502 1493 1547 numo
1526 1494 1903 1566 posti-emm
1952 1480 2091 1541 ΤΒ.
2119 1479 2194 1539 Ρ.
2230 1475 2376 1536 1111.
2412 1470 2604 1537 COS.

1109 1591 1186 1651 11.
1233 1588 1307 1649 Ρ.
1350 1588 1429 1649 Ρ.
1475 1583 1542 1645 S.
1590 1580 1662 1646 C.
1706 1567 2018 1660 Elephas,
2078 1577 2193 1664 qui
2228 1596 2265 1639 a
2313 1572 2606 1657 reliquo-

1110 1710 1258 1756 rum
1288 1706 1520 1751 norma
1554 1704 1689 1747 non
1724 1681 2046 1745 dissentit.
2091 1682 2219 1743 Hic
2250 1696 2604 1740 numerum

1111 1792 1268 1857 trib.
1325 1785 1666 1872 potestatis
1708 1786 1824 1853 iv.
1880 1802 2005 1847 seu
2070 1780 2406 1854 defectuS,
2485 1795 2607 1838 seu

1109 1890 1387 1979 penuria
1414 1886 1763 1952 tribuenda
1797 1882 2191 1960 caracallae,
2239 1877 2353 1965 qui
2380 1878 2605 1942 fratris

1110 2004 1441 2058 monetam
1462 2033 1480 2066 ,
1524 1998 1600 2050 ut
1639 2007 1836 2069 supra
1866 2005 1951 2049 ex
1980 1985 2201 2048 Dione
2236 1980 2604 2056 docuimus,

1080 2092 1387 2160 ·conflari
1435 2088 1807 2175 praecepit,
1877 2086 1991 2151 vel
2041 2083 2218 2171 quod
2264 2083 2392 2148 vix‘
2445 2080 2611 2165 deli·

1087 2198 1264 2261 'bato
1297 2190 1635 2256 tribunatu
1664 2190 1797 2266 1·V.,
1838 2184 2038 2273 atque
2063 2186 2229 2251 adeo
2265 2183 2605 2261 maturius,

1100 2310 1306 2384 'quam
1341 2291 1413 2356 id
1450 2291 1666 2356 visum
1704 2289 2016 2367 eruditis,
2059 2285 2448 2358 interfectus
2483 2297 2606 2362 est,

1114 2397 1200 2462 de
1235 2415 1365 2482 quo
1394 2393 1726 2457 nonnulla⁴
1753 2391 1826 2455 iu
1857 2404 2141 2457 tractatu
2169 2388 2253 2454 de
2287 2388 2440 2452 trib.
2483 2406 2603 2475 pe-

1110 2509 1346 2562 test‘ate
1376 2494 1643 2560 notabo.

1565 2720 1837 2781 Divus
1910 2719 2140 2782 Geta.
2399 2722 2430 2743 ‘

1239 2907 1343 2968 De
1364 2920 1447 2966 eo
1487 2913 1873 2965 consecrato
1900 2899 2070 2964 haec
2091 2887 2478 2984 Spartianus
2509 2893 2601 2978 ῆι

1111 3013 1283 3075 Nam
1331 3006 1735 3078 Bassianus,
1767 3022 1912 3064 cum
1948 3020 2091 3065 eum
2122 3004 2479 3073 occidisset,
2511 3017 2605 3059 ac

1078 3107 1426 3171 'vereretur
1442 3105 1859 3185 tyrannicam
1873 3123 1959 3166 ea·
1970 3102 2326 3183 parricidio
2360 3111 2602 3168 notam,

1110 3210 1486 3288 audiretque
1506 3246 1527 3278 ,
1561 3224 1754 3283 posse
1781 3206 2076 3285 mitiyari
2096 3206 2382 3284 facinus,
2426 3204 2487 3263 si
2507 3204 2605 3262 di-

1108 3325 1256 3371 vum
1311 3309 1585 3386 fratrem
1633 3307 1986 3385 appellaret
2002 3349 2019 3381 ,
2079 3306 2330 3366 dixisse
2351 3304 2601 3382 fertur.-

1108 3410 1196 3471 sit
1234 3407 1423 3473 divus
1449 3449 1468 3483 ,
1526 3402 1685 3467 dum
1726 3426 1859 3469 non
1902 3404 1987 3467 sit
2027 3403 2233 3468 vivus.
2318 3408 2609 3489 Denique

1107 3515 1279 3572 iuter
1311 3512 1498 3570 divos
1533 3509 1787 3569 retulit.
1864 3506 2050 3586 Sitne
2073 3503 2238 3568 huic
2278 3506 2607 3590 Spartiani

1107 3609 1488 3673 testimonio
1534 3608 1845 3670 continuo
1882 3605 2450 3685 subscribendum,
2494 3608 2608 3671 du-

1070 3727 1073 3728 ’
1107 3713 1341 3775 bitem.
1385 3712 1586 3773 Certe
1620 3707 2358 3790 hujusconsecrationis
2388 3695 2605 3793 neque

1080 3812 1281 3889 Dio,
1340 3828 1557 3897 neque
1605 3808 2066 3885 Herodianus,
2146 3809 2443 3893 quamvis
2497 3830 2604 3874 co-

1108 3915 1294 3989 aevi,
1334 3910 1817 3986 meminerunt,
1872 3924 1944 3972 et
1974 3911 2211 3976 mirum
2253 3936 2446 3992 sane,
2492 3917 2605 4001 qui

1072 4037 1075 4046 *
1107 4015 1317 4083 hostis
1359 4013 1681 4096 judicatus
1721 4011 1988 4097 publice
2019 4029 2157 4093 est,
2200 4017 2377 4082 inter
2418 4019 2605 4082 divos

1078 4118 1410 4181 relatum.
1499 4115 1964 4181 Tillemontius
2023 4115 2107 4179 ad
2159 4140 2395 4182 numos
2457 4141 2608 4204 pro-

1107 4232 1339 4297 vocat,
1401 4218 1521 4284 sed
1570 4221 1805 4284 horum
1837 4220 2071 4286 vadem
2104 4219 2605 4284 Mediobarbui'n

1070 4319 1085 4330 ‘
1110 4323 1306 4398 citat,
1369 4320 1484 4405 qui
1517 4333 1735 4385 tamen
1784 4321 2049 4385 unicum
2094 4335 2342 4384 tantum
2383 4321 2454 4383 id
2495 4341 2610 4407 ge·

1110 4442 1233 4486 nus
1286 4421 1479 4501 citat,
1541 4422 1744 4509 idque
1794 4437 1924 4488 tam
1971 4422 2459 4509 perfunctorie,
2536 4439 2607 4488 ut

2473 476 2826 558 GETA.

2720 662 2877 729 satis
2930 675 3278 749 appareat,
3356 661 3488 729 sibi
3539 664 3752 750 magis
3814 664 4031 733 simile
4094 689 4216 734 nu·

2718 765 2949 827 misma
2990 763 3469 842 desideratum,
3534 787 3729 853 quam
3762 782 4208 854 conspectum.

2718 863 3028 944 Accedit,
3086 887 3220 931 nou
3247 880 3509 931 exstare
3560 868 3830 933 numum
3866 856 4074 935 Getae
4112 873 4217 934 in-

2718 978 2824 1029 ter
2858 987 3012 1046 eos,
3069 966 3184 1053 qui
3223 967 3292 1029 in
3320 969 3705 1033 memoriam
3759 971 4210 1055 Augustorum

2719 1081 3254 1132 consecratorum
3285 1068 3595 1147 Gallieni,
3640 1083 3714 1157 ut
3753 1070 4068 1150 creditur,
4106 1092 4214 1137 ae-

2716 1180 2850 1231 tate
2885 1168 3121 1252 signati
3161 1184 3349 1247 sunt,
3406 1190 3626 1257 neque
3669 1171 3812 1255 ejus
3848 1170 3998 1237 fieri
4030 1193 4210 1236 men-

2716 1268 2967 1333 tionem
3022 1270 3092 1332 in
3132 1275 3434 1356 catalogo
3483 1273 3787 1337 divorum
3833 1274 4209 1401 Caesarum,

2720 1390 2917 1456 quem
2949 1371 3246 1458 vulgavit
3268 1372 3641 1467 Bucherius
3671 1371 3761 1460 h).

2991 1578 3196 1640 Numi
3219 1574 3567 1662 ‘commatis
3599 1583 3948 1663 pereyrtm‘.

2845 1781 3103 1842 Horum
3126 1778 3407 1843 illustris
3434 1791 3542 1842 est
3562 1780 3751 1866 copia
3782 1795 3911 1848 tam
3936 1783 4002 1847 in
4036 1788 4215 1853 urbi·-

2693 1876 2866 1942 'bus
2879 1879 3150 1956 liberis,
3208 1901 3402 1966 quam
3452 1881 3734 1946 col-oniis
3783 1887 4211 1971 signatorum.

2717 1979 3039 2065 Aenigma
3084 1980 3346 2047 offert
3326 2004 3416 2061 ts,
3477 2003 3674 2070 quem
3718 1984 3851 2052 hoc
3891 1991 4044 2056 loco
4098 1988 4217 2056 de-

2672 2134 2680 2143 .
2720 2081 3014 2181 scribere
3046 2081 3248 2166 juvat.

2717 2289 3096 2373 Epigrapke
3094 2286 3440 2371 ambiyna.
3488 2292 3692 2374 capnt
3718 2297 3921 2359 Getae
3949 2298 4208 2360 nudmn.

2711 2490 2906 2553 STA.
2946 2466 3155 2563 BOV.
3201 2496 3330 2558 Bos
3358 2497 3686 2576 gradiens.
3691 2495 3828 2563 ΑΕ.
3875 2498 3970 2563 Π.
3998 2502 4203 2584 (Mus.

2699 2593 2983 2672 Qcaes)
4179 2660 4190 2669 .

2708 2693 2793 2753 in
2839 2714 3126 2778 numum,
3161 2693 3338 2757 hunc
3391 2699 3814 2762 commentati
3863 2696 3994 2781 jam
4059 2718 4214 2766 sunt

2716 2793 2986 2856 Patinus
3016 2796 3076 2874 0)
3098 2840 3115 2871 ‚
3163 2811 3229 2860 et
3253 2796 3634 2861 ‘Harduinus
3665 2800 3752 2881 d).
3809 2802 4007 2866 Prior
4036 2806 4214 2888 apud

2719 2896 2977 2958 Stabiae
3031 2898 3420 2982 Campaniae
3487 2922 3758 2965 numum
3821 2922 4210 2987 percussum

2719 3012 2966 3062 censet.
3026 2999 3442 3078 Harduinus,
3513 3004 3728 3068 Patini
3777 3006 4015 3071 dictata
4062 3007 4211 3072 fere

2717 3098 3051 3183 recoquit,
3112 3099 3462 3186 additque,
3517 3108 3834 3192 truncatis
3871 3109 3971 3171 his
4015 3128 4213 3174 ‘voca-

2711 3199 2891 3261 bulis
2939 3201 3162 3263 notari
3203 3205 3534 3286 geminum
3584 3210 3973 3295 Campaniae
4027 3212 4215 3296 oppi-

2716 3299 2870 3362 dum
2922 3305 3227 3380 Stabiae,
3299 3321 3365 3369 et
3411 3301 3726 3373 Bovillas.
3787 3314 4078 3388 Vereor,
4136 3325 4212 3374 ut

2717 3405 2910 3465 vetus
2965 3404 3130 3469 haec
3190 3410 3514 3473 sententia
3575 3409 3776 3476 hodie
3835 3413 4210 3478 satisfaciat.

2723 3502 3040 3570 Constans
3069 3507 3251 3570 enim
3275 3512 3456 3575 nunc
3490 3513 3711 3597 opinio
3748 3530 3890 3591 est,
3954 3535 4037 3578 ex
4078 3535 4210 3601 quo
4321 3549 4334 3554 -

2723 3625 2972 3669 summa
3005 3608 3106 3670 rei
3126 3628 3338 3693 penes
3376 3611 3736 3708 imperatm
3739 3637 3810 3680 es
3843 3618 4044 3692 stetit,
4089 3618 4218 3680 Ita·

2721 3706 2888 3785 liae,
2951 3730 3077 3792 qua
3119 3724 3335 3795 patet,
3401 3705 3598 3778 urbes
3650 3737 3689 3780 a
3725 3716 4032 3782 feriunda
4076 3737 4217 3780 mo-

2717 3824 2868 3871 neta
2897 3809 3310 3879 abstinuisse.
3364 3815 3625 3883 Deinde
3665 3837 3796 3904 quo
3828 3836 4020 3905 pacto
4047 3823 4216 3883 Har·
4267 3803 4284 3809 ⁶

2720 3908 2977 3986 duinus,
3020 3912 3314 3979 Bovillas
3335 3917 3720 4001 Campaniae
3756 3922 4067 4007 oppidum
4096 3927 4212 4008 po·

2718 4023 2850 4074 test:
2879 4016 3336 4094 pronunciare,
3381 4040 3547 4104 quae
3586 4023 3655 4083 iu
3693 4024 3920 4100 Latio,
3964 4038 4031 4087 et
4060 4046 4215 4108 pro·

2723 4112 2897 4176 xime
2928 4117 3204 4180 Romam
3227 4121 3520 4202 stetere?
3569 4122 3958 4189 V'beriorem
3993 4126 4207 4190 adhuc

2718 4214 2937 4279 lucem
2987 4217 3362 4284 cimelium*
3385 4213 3566 4289 istud
3602 4240 3972 4313 exspectat,
4057 4247 4214 4313 per·

2717 4315 2878 4380 inde
2943 4338 3027 4382 ac
3087 4321 3269 4384 numi
3328 4323 3559 4389 similis
3613 4327 3996 4414 aenigmatis
4063 4333 4210 4394 AR·

2719 4421 2922 4484 NASI
2950 4423 3069 4486 sub
3112 4424 3531 4493 Treboniano
3560 4431 3881 4514 percussi.

1121 4615 4207 4654 ——m——m—m———w-

1183 4735 1247 4798 a)
1281 4730 1348 4790 in
1386 4732 1538 4794 Geta
1579 4752 1627 4791 c.
1666 4742 1721 4794 2.

1870 4733 1940 4808 b)
1980 4734 2179 4795 Doctr.
2220 4746 2402 4816 temp.
2443 4756 2502 4814 p.
2536 4737 2660 4803 262⁷.

2812 4741 2872 4808 c)
2911 4736 3085 4796 Num.
3130 4737 3324 4819 Impp.
3475 4742 3545 4817 d)
3576 4742 3746 4822 Opp.
3784 4743 3887 4807 sd.
3931 4764 3998 4827 p.
4035 4749 4158 4810 161.
