4652 5937
1327 438 1422 517 66
2064 431 2159 503 M.
2264 422 2876 503 AVRELIVS
2977 424 3709 504 ANTONINVS.

1335 639 1592 684 morum
1638 638 1795 701 prae
1852 636 1922 678 se
1972 615 2123 677 tulit
2169 615 2605 697 singularem,
2652 629 2827 673 amo·

1333 742 1474 784 rem
1512 738 1670 783 vero
1703 740 1738 780 a
1775 738 1983 800 puero
2006 717 2086 777 ad
2107 736 2335 778 severa
2369 713 2824 798 philosophiae

1331 818 1543 883 studia
1572 814 2026 880 incredibilem
2046 863 2065 894 ‚
2112 813 2206 879 sic
2237 830 2307 877 ut
2340 815 2687 879 duodecim
2717 835 2826 876 an·

1330 941 1450 983 nos
1521 932 1709 981 natus
1784 916 2163 1003 philosophi
2234 918 2524 983 habitum
2613 917 2825 999 palam

1333 1021 1743 1096 adsumeret,
1820 1033 1886 1082 et
1964 1007 2273 1103 deinceps
2341 1019 2409 1078 in
2491 1016 2826 1081 tradendis

1335 1143 1589 1189 morum
1640 1120 2046 1204 praeceptis,
2121 1140 2286 1204 quae
2339 1120 2479 1203 ipse
2527 1119 2826 1202 pluribus

1335 1223 1523 1286 libris
1554 1221 1883 1304 hodieque
1938 1219 2398 1305 superstitibus
2445 1222 2826 1304 complexus

1334 1338 1470 1397 est,
1517 1337 1651 1384 tum
1702 1341 1897 1395 vero,
1957 1322 2133 1403 quod
2177 1321 2454 1402 amplius
2503 1331 2637 1392 est,
2697 1317 2827 1377 vita

1334 1423 1694 1488 secundum
1731 1441 1806 1483 ea
1843 1419 2245 1483 sanctissime
2276 1417 2672 1480 instituenda
2693 1437 2829 1478 om·
2856 1469 2870 1479 .

1329 1528 1432 1587 nis
1487 1523 1715 1587 aetatis
1764 1521 2115 1603 sapientiae
2173 1520 2519 1603 magistros
2566 1537 2830 1599 supera-

1331 1641 1475 1701 ret,
1538 1625 1753 1687 dictus
1808 1633 2161 1704 propterea
2220 1642 2255 1680 a
2318 1619 2672 1681 Iustiniano
2734 1627 2830 1695 φι-

1323 1732 1794 1802 λασοφωτατος,
1843 1721 1910 1782 id
1947 1733 2081 1780 est:
2130 1720 2233 1798 (ut
2272 1740 2420 1783 cum
2459 1732 2684 1781 vetere
2733 1719 2829 1780 in·

1335 1837 1628 1909 terprete
1665 1822 1930 1904 loquar)
1959 1824 2554 1899 philosophi-ssimae
2585 1818 2679 1899 ⁸),
2723 1842 2832 1883 cu·

1334 1929 1440 2009 jus
1510 1922 1993 1996 testimonium,
2054 1934 2125 1981 ut
2162 1922 2283 1982 alia
2342 1921 2646 1985 abessent
2696 1942 2834 1985 otn-

1336 2029 1440 2092 nia
1464 2073 1480 2103 ‚
1511 2023 2099 2107 locupletissimum
2138 2022 2509 2105 suppeditat
2533 2025 2831 2109 epistola,

1338 2148 1532 2213 quam
1591 2125 1672 2186 ad
1725 2122 1994 2186 fratrem
2050 2124 2301 2190 Verum
2358 2126 2425 2185 in
2487 2124 2831 2188 Orientem

1341 2226 1604 2311 scripsit
1654 2225 2196 2308 conservavitque
2246 2226 2588 2290 Vulcatius
2635 2226 2834 2289 Galli-

1336 2344 1535 2393 canus
1564 2324 1630 2407 b)
1652 2371 1668 2402 ‚
1700 2325 1922 2408 paucis
1953 2324 2172 2387 verbis
2205 2316 2613 2408 complexam
2649 2346 2835 2389 seve-

1338 2429 1636 2490 rissimae
1706 2426 1963 2487 virtutis
2024 2439 2374 2510 praecepta
2434 2431 2682 2502 omnia,
2767 2442 2834 2490 et

1324 2551 1455 2614 qua
1527 2529 1824 2611 perlecta
1908 2524 2223 2588 fatebitur
2298 2529 2572 2612 quisque
2606 2574 2624 2605 ‚
2698 2550 2832 2591 non

1340 2632 1498 2693 alias
1519 2630 1865 2713 magistrae
1883 2627 2337 2711 philosophiae
2368 2631 2699 2692 alumnum
2722 2631 2835 2692 ob·

1334 2732 1825 2816 sequentiorem
1864 2727 1930 2788 in
1970 2728 2380 2812 disciplinam
2406 2730 2610 2793 fuisse
2638 2733 2835 2794 tradi-

1326 2848 1488 2896 tum.
1578 2834 1668 2894 At
1733 2830 1911 2913 quod
1972 2831 2251 2891 maxime
2313 2834 2607 2894 Marcum
2673 2853 2832 2896 vere

1329 2932 1792 3019 philosophum
1831 2931 2250 3014 comprobat,
2289 2930 2457 2994 illud
2476 2947 2595 3011 est,
2633 2934 2832 3019 quod,

1335 3057 1484 3097 cum
1537 3033 1832 3094 Stoicum
1879 3031 1995 3092 ille
2041 3032 2406 3094 institutum
2461 3056 2590 3096 non
2635 3037 2832 3099 modo

1332 3132 1797 3218 profiteretur,
1845 3132 1960 3193 sed
1994 3147 2059 3195 et
2091 3134 2382 3195 numeris
2402 3117 2840 3198 omnibusim-

1333 3219 1581 3316 ploret,
1610 3233 1751 3317 ipse
1788 3234 2077 3296 diversas
2111 3248 2320 3295 sectas
2342 3235 2676 3318 professos
2705 3256 2838 3299 non

1344 3335 1540 3396 niodo
1584 3334 1908 3417 patienter
1940 3335 2169 3408 ferret,
2216 3333 2337 3395 sed
2368 3316 2838 3414 eodem‘etiam,

1334 3454 1741 3518 quo-suam,
1790 3436 1938 3499 loco
1978 3450 2236 3519 putaret
2269 3450 2335 3498 et
2379 3453 2642 3500 ornaret
2682 3461 2840 3523 quo-

1331 3557 1501 3620 que,
1582 3555 1728 3597 cum
1789 3538 1897 3599 alii
1964 3538 2160 3619 vulgo
2220 3537 2413 3599 aliter
2480 3540 2836 3601 sentientes

1326 3643 1496 3704 odiis
1533 3655 1597 3703 et
1658 3637 1855 3701 bellis
1888 3633 2221 3709 ἁσπονδοις
2260 3653 2837 3723 persequerentur.

1326 3743 1595 3806 Etenim
1648 3740 1804 3813 ille,
1850 3752 1919 3799 ut
1965 3739 2317 3821 sapientiae
2366 3740 2647 3802 studium
2685 3763 2837 3825 pro-

1328 3857 1665 3919 moveret,
1736 3841 2010 3924 singulis
2059 3839 2602 3926 philosophorum
2641 3864 2835 3926 gene-

1312 3943 1544 4021 ribus,
1619 3966 1752 4006 non
1834 3942 2031 4004 modo
2098 3942 2374 4018 Stoicis,
2453 3937 2832 4021 Platonicis,

1330 4039 1825 4131 Peripateticis,
1905 4042 2055 4121 sed,
2116 4043 2294 4128 quod
2340 4045 2617 4122 mirere,
2680 4047 2837 4130 Epi·

1330 4149 1550 4210 cureis
1594 4168 1896 4233 quoque,
1946 4146 2251 4207 salarium
2295 4145 2594 4229 locuples
2632 4147 2833 4209 Athe-

1328 4250 1430 4310 nis
1499 4248 1868 4321 constituit,
1950 4247 2073 4320 ita,
2134 4259 2204 4308 ut
2258 4247 2648 4330 unicuique,
2719 4250 2829 4332 qui

1326 4349 1731 4429 juventutem
1805 4346 2117 4415 doceret.
2213 4349 2576 4430 praemium
2657 4366 2832 4414 esset

1444 4603 1506 4670 a)
1546 4596 1695 4680 βοὰ.
1736 4597 1796 4651 L.
1828 4596 1900 4653 V.
1936 4594 2020 4650 tit.
2055 4607 2138 4659 17.
2176 4597 2204 4666 §
2238 4608 2323 4655 η.

2491 4596 2559 4667 h)
2603 4597 2661 4652 in
2697 4598 2812 4655 vita
2845 4602 3044 4659 Avidii
3075 4607 3236 4663 Cass.

2940 610 3212 694 aequale
3245 611 3327 689 Ο).
3378 612 3789 693 Nequevero
3807 610 3912 686 is,
3955 605 4080 692 qui
4099 607 4432 691 tranquillis

2937 711 3396 795 philosophiae
3452 712 3681 774 studiis
3736 711 4061 795 apprime
4104 708 4437 781 delectaba-

2940 824 3085 886 tur,
3143 832 3277 874 non
3337 812 3530 874 etiam
3581 811 3664 875 ad
3734 833 3841 874 res
3918 807 4266 895 agendas,
4324 809 4438 870 sive

2939 913 3156 998 pacis,
3219 912 3356 976 sive
3410 913 3572 974 belli
3630 912 3903 996 negotia
3964 925 4279 996 spectes,
4338 913 4443 970 sin·

2943 1014 3238 1096 gularem
3281 1013 3499 1075 attulit
3532 1015 3989 1091 alacritatem,
4042 1027 4249 1097 atque
4275 1009 4446 1073 animi

2941 1116 3147 1177 robur
3224 1114 3657 1191 indefessum,
3732 1129 3800 1176 et
3873 1117 4024 1178 fuit
4102 1109 4446 1176 communis

2941 1214 3336 1299 praeteritae
3396 1216 3622 1278 aetatis
3670 1237 3902 1278 sensus
3932 1259 3955 1294 ,
4051 1212 4188 1275 nisi
4231 1212 4311 1275 ad
4353 1214 4448 1274 illa

2942 1329 3240 1397 tempora
3274 1330 3646 1379 reservatus
3683 1316 3921 1378 fuisset
3941 1315 4303 1388 Aurelius,
4338 1312 4455 1397 qui·

2945 1414 3065 1476 bus
3091 1435 3280 1480 saeva
3313 1417 3457 1478 lues
3480 1462 3496 1492 ‚
3543 1417 3717 1479 bella
3742 1416 4107 1491 maximis,
4160 1434 4325 1499 quae
4359 1435 4455 1475 un·

2943 1538 3134 1600 quam
3185 1517 3412 1593 fuere,
3459 1518 3933 1602 aequiparanda
3968 1563 3992 1593 ,
4045 1517 4308 1588 fames,
4353 1528 4461 1576 ter-

2945 1639 3058 1680 rae
3107 1632 3321 1680 motus
3352 1639 3478 1701 per
3508 1619 3725 1680 Asiam
3749 1664 3765 1695 ,
3828 1618 4323 1681 inundationes
4351 1614 4455 1677 flu·

2946 1720 3232 1796 minum,
3277 1719 3530 1802 aliaque
3581 1721 3793 1783 omnis
3833 1719 4131 1803 generis
4182 1720 4352 1780 mala
4401 1715 4456 1776 in

2947 1821 3207 1904 imperii
3242 1822 3604 1905 perniciem
3641 1819 4126 1900 conjuravere,
4177 1838 4322 1882 rem
4345 1821 4457 1878 Ro-

2947 1942 3203 1983 manam
3246 1923 3429 1984 velut
3481 1943 3611 1983 uno
3651 1922 3836 2003 lapsu
3889 1921 4123 1984 fuisse
4175 1918 4459 1980 interitu·

2947 2045 3108 2085 ram.
3156 2022 3339 2116 Quae
3377 2023 3552 2085 bella
3590 2036 3897 2098 externa,
3945 2037 4023 2085 et
4077 2034 4331 2105 quanta
4376 2017 4456 2078 se·

2953 2126 3233 2201 licitate,
3279 2139 3349 2186 et
3390 2124 3668 2186 Romani
3710 2123 3997 2185 nominis
4060 2121 4291 2208 gloria
4333 2137 4461 2202 ges·

2949 2229 3145 2304 serit,
3227 2227 3295 2286 in
3348 2224 3683 2287 annalibus
3734 2226 4204 2308 exposuimus.
4290 2218 4451 2280 Idem

2945 2327 3240 2389 liberalis
3282 2325 3586 2410 publice,
3635 2325 3814 2388 domi
3849 2347 4006 2389 suae
4039 2320 4336 2410 parcus,
4378 2332 4454 2380 at·

2949 2450 3075 2514 que
3141 2449 3224 2490 ne
3302 2426 3730 2489 tributorum'
3778 2445 3985 2489 onere
4070 2421 4450 2509 provinciae

2948 2530 3517 2613 opprimerentur,
3576 2528 3929 2612 providuS,
3972 2529 4126 2605 'qui
4173 2526 4246 2587 i‘n
4303 2521 4450 2585 belli

2946 2630 3410 2695 Marcomanici
3473 2642 3804 2712 sumptus,
3861 2641 3933 2689 ut
3980 2626 4258 2690 civibus
4321 2643 4451 2708 par·-

2949 2747 3170 2811 ceret,
3243 2733 3381 2816 ipsa
3428 2731 3650 2815 palatii
3714 2744 4148 2805 ornamenta,
4226 2723 4450 2811 pocula

2950 2858 3180 2907 aurea,
3263 2831 3674 2920 crystallina,
3758 2830 4142 2905 murrhina,
4215 2840 4449 2890 vestem

2953 2937 3245 3000 uxoriam
3281 2936 3593 3011 sericam,
3635 2953 3925 3018 gemmas
3952 2931 4294 2995 vendidit.
4375 2928 4448 2988 At

2951 3037 3133 3101 nulla
3167 3038 3292 3099 alia
3331 3038 3574 3100 virtute
3624 3035 3868 3117 magis,
3914 3056 4114 3117 quam
4155 3035 4449 3110 ‚clemen-

2953 3142 3061 3217 tia,
3108 3152 3300 3224 atque
3323 3138 3520 3201 animi
3550 3136 3817 3199 lenitate
3853 3135 4299 3218 gloriabatur,
4334 3150 4444 3214 qua

2948 3262 3080 3303 non
3133 3241 3331 3301 modo
3388 3259 3656 3299 suorum
3688 3237 3878 3311 vitia,
3926 3250 3993 3299 et
4037 3238 4266 3299 illatas
4323 3229 4438 3293 sibi

2954 3339 3220 3422 injurias
3257 3340 3440 3400 nullo
3471 3358 3760 3422 poenae,
3806 3352 3916 3399 aut
3949 3338 4288 3401 vindictae
4327 3345 4443 3394 stu·
4521 3341 4534 3358 '

2955 3439 3062 3503 dio
3094 3442 3399 3524 pertulit,
3432 3461 3661 3501 verum
3698 3453 3765 3502 et
3804 3436 4440 3504 externishostibus,

2952 3557 3145 3626 atque
3195 3543 3272 3604 iis
3341 3561 3635 3627 quoque,
3706 3541 3817 3623 qui
3861 3541 3928 3600 in
3983 3556 4185 3625 caput
4237 3555 4433 3606 suum,

2954 3666 3027 3708 ac
3059 3644 3436 3728 sanguinem
3471 3641 3943 3721 Jconjuravere,
4006 3641 4210 3706 facile
4243 3635 4440 3700 indul·

2953 3747 3056 3809 sit.
3143 3752 3227 3808 At
3274 3744 3442 3806 enim
3494 3757 3628 3805 tum
3667 3763 3927 3827 quoque
3955 3739 4204 3826 pat'uit,
4252 3742 4438 3803 virtu·

2941 3862 3081 3912 tem
3117 3848 3318 3930 ipsam
3344 3891 3360 3921 ‚
3411 3865 3555 3908 cum
3591 3846 3784 3905 nimis
3838 3846 4097 3928 evagari
4137 3846 4434 3929 patimur,

2950 3951 3017 4012 in
3065 3948 3490 4033 opprobrium
3513 3989 3530 4020 ,
3568 3967 3641 4026 ac
3665 3964 3866 4028 saepe
3909 3947 4270 4028 perniciem
4303 3962 4433 4005 ver·

2951 4064 3114 4113 tere.
3197 4043 3360 4111 Nam
3399 4048 3574 4131 quod
3609 4051 3689 4110 L.
3718 4048 3965 4118 Verum
4011 4048 4275 4132 pridem
4323 4063 4434 4128 per

2953 4150 3309 4214 domestica
3377 4135 4038 4232 flagitia'eognitum,
4106 4166 4302 4238 atque
4361 4163 4428 4206 ea

2951 4267 3225 4335 propter
3273 4252 3351 4313 ab
3387 4251 3717 4313 Antonino
3769 4251 3888 4313 Pio
3931 4251 4294 4335 despicatui
4335 4248 4435 4309 ha·

2947 4353 3193 4432 bitum,
3243 4376 3374 4416 non
3412 4353 3606 4414 modo
3646 4366 3924 4435 cogente
3978 4353 4272 4429 nemine,
4328 4345 4428 4411 sed

3391 4605 3453 4675 c)
3495 4600 3735 4658 Lucian.
3775 4600 3836 4655 in
3868 4599 4184 4658 Eunuch0.
4249 4594 4430 4659 Philo·

1341 4699 1553 4746 stratus
1584 4685 1723 4743 vita
1756 4683 1938 4761 δορὴ.
1972 4684 2031 4739 L.
2070 4683 2141 4741 11.
2190 4686 2302 4758 μ.
2355 4686 2486 4744 nto.
2522 4686 2585 4742 L.
2623 4684 2826 4748 Lxxt.
2864 4693 2910 4766 §·
2950 4703 3040 4760 ω.
