4652 5937
997 452 1085 524 L.
1190 447 1856 521 SEPTlMlVS
1958 444 2533 525 SEVERVS.

150 666 346 730 quo
388 641 457 702 in
494 634 933 700 Pescennium
969 603 1300 696 aemulum
1353 652 1534 693 arma
1580 650 1718 692 mo-

147 748 285 807 vit
314 759 352 819 ‚‘
412 740 851 804 necessariam
887 734 1269 819 cumprimis
1315 731 1560 794 babuit.
1606 731 1714 795 Vi·

137 850 459 910 ·demus
536 864 618 905 ex
681 842 807 902 hoc
867 839 1170 922 catalogo
1228 834 1527 918 legiones
1578 853 1708 908 eas,

149 970 388 1035 quae
434 945 560 1030 ipsi
591 942 986 1014 adhaesere,
1048 951 1113 1001 et
1146 958 1304 1022 quas
1353 937 1420 997 in
1460 935 1712 997 bellum

159 1051 490 1123 eduxit,
535 1065 760 1108 earum
795 1063 952 1104 vero
988 1037 1500 1123 appellationes,
1545 1054 1712 1121 quae

157 1165 556 1216 truncatae
588 1152 654 1213 in
697 1149 799 1209 his
844 1142 1059 1207 numis
1109 1139 1541 1214 exhibentur,
1618 1138 1712 1200 sic

163 1254 616 1338 explendae:
664 1249 1083 1320 ADlV'I'rioe,
1120 1245 1498 1315 MlNervia‚
1530 1241 1717 1302 FLa-

165 1363 362 1432 οἱα,
417 1355 925 1437 ,ΜΑΟεάοηὶοω
989 1341 1334 1418 cauata,
1409 1344 1718 1407 GEMina

168 1462 469 1523 Martia
543 1459 839 1527 Vicetia),
916 1450 1388 1529 PRImiyenia,
1465 1446 1715 1512 VLPia

167 1565 496 1626 Victrix.
544 1556 678 1620 Sed
709 1574 937 1617 omnes
966 1551 1090 1612 hos
1119 1568 1353 1610 numos
1382 1543 1712 1609 revocabo

177 1668 257 1727 in
311 1674 611 1725 tractatu
646 1654 963 1740 singulari
1000 1651 1082 1713 de
1113 1651 1327 1711 numis
1355 1647 1714 1731 legionum,

183 1786 417 1849 quem
494 1762 661 1824 dabo
719 1758 785 1819 in
862 1756 1038 1824 vlu.
1110 1751 1449 1819 ‘volumine
1520 1745 1714 1826 hujus

185 1865 465 1950 operis.

949 1958 990 1998 a

457 2039 468 2052 ,
788 2006 827 2045 ηε

536 2071 619 2130 Vt
659 2069 756 2128 lit.
778 2068 860 2125 A.

195 2170 629 2233 LIBERAL.
659 2167 860 2232 AVG.
892 2162 1087 2228 COS.
1113 2160 1503 2224 Liberalitas
1516 2163 1717 2215 stans.

195 2279 346 2337 AB.
402 2274 606 2354 (Mus.
646 2267 867 2346 Caes.)

508 2378 589 2434 Vt
631 2375 726 2434 lit.
766 2375 838 2430 B.

204 2477 634 2554 LIBERAL.
687 2472 897 2542 AVG.
962 2468 1100 2529 ΤΒ.
1152 2464 1228 2524 P.
1275 2459 1463 2525 COS.
1524 2458 1590 2518 S.
1639 2457 1711 2519 C.

204 2582 614 2643 Liberalitas
651 2586 851 2638 stans.
912 2569 1051 2632 ΑΕ.
1084 2569 1134 2631 Ι.
1191 2567 1265 2626 In
1292 2565 1455 2627 alio:
1517 2565 1716 2639 Impe-

207 2692 395 2743 rator
433 2684 504 2741 iu
534 2687 836 2759 mqyestu
884 2671 1268 2732 distribuens
1292 2666 1715 2745 conqiarium.

209 2785 353 2844 AB.
392 2783 444 2844 Ι.
493 2782 692 2861 (Mus.
713 2776 926 2852 Caes.)

339 2885 452 2944 De
528 2879 761 2943 Severi
804 2874 1240 2944 liberalitate,
1299 2887 1448 2930 cum
1512 2865 1716 2946 impe-

215 2987 390 3047 rium
438 2983 678 3058 adivit,
736 2982 1015 3064 loquens
1059 2972 1436 3057 Spartianus
1469 2978 1713 3041 narrat,

219 3109 372 3149 cnm
413 3086 743 3170 quingena
774 3094 983 3142 seste1
989 3077 1105 3150 tia,
1153 3072 1325 3158 quod
1366 3089 1561 3132 nemo
1601 3087 1718 3129 un·

222 3209 414 3272 quam
446 3185 859 3271 principum,
906 3177 1165 3241 dedisse
1201 3171 1557 3244 militibus,
1604 3168 1716 3251 qui

222 3310 369 3351 eum
429 3289 502 3349 in
557 3284 890 3347 Pannonia
940 3283 1307 3362 Augustum
1357 3272 1587 3334 dixere
1635 3273 1714 3350 ⁸),

226 3391 630 3476 congiarium
658 3406 820 3450 vero
843 3381 1253 3445 distribuisse
1265 3375 1562 3461 populo,
1605 3395 1715 3434 an-

221 3508 483 3577 tequam
561 3490 629 3550 in
689 3485 1129 3549 Pescennium
1184 3479 1433 3557 exiret,
1512 3475 1711 3539 tradit

231 3595 678 3666 Herodianus,
749 3587 926 3671 quod
978 3584 1155 3646 idem
1206 3581 1274 3647 in
1317 3580 1420 3643 his
1470 3578 1710 3652 numis‚

233 3697 336 3780 qui
365 3708 514 3758 sunt
550 3694 742 3775 hujus
780 3689 964 3758 anni,
1009 3699 1293 3775 notatur.

953 3792 991 3831 q

1111 3836 1154 3873 1

1115 2000 1156 2040 ὓ

506 3901 586 3957 γι
629 3898 726 3956 m.
760 3834 841 3954 51.

239 3995 749 4064 NOBILsAVG.
786 3997 926 4057 TR.
955 3992 1237 4071 P-COS.
1287 3991 1521 4052 Mulier
1536 3997 1716 4048 stans

240 4106 293 4161 d.
328 4103 793 4173 ‚Victoriolam‚
847 4120 904 4160 s.
949 4100 1219 4158 hastam.
1286 4092 1424 4154 AR.
1514 4091 1715 4167 (Mus.

242 4206 445 4283 Caes.)
1153 4256 1160 4263 .

355 4307 426 4366 ln
491 4305 827 4367 rarissimo
872 4298 997 4360 hoc
1045 4315 1255 4375 numo
1307 4292 1716 4354 nobilitatem

247 4407 528 4490 generis,
603 4424 795 4489 quam
860 4399 1109 4463 nullam
1174 4394 1433 4472 habuit,
1499 4393 1718 4475 jactat,

3181 455 3324 542 169

1831 628 2109 728 quode
2073 643 2393 694 connecte
2442 652 2588 694 cum
2636 630 2759 706 iis,
2820 652 2986 716 quae
3037 615 3205 697 insta
3249 635 3341 697 ad-

1831 753 2067 792 annum
2112 734 2197 802 V.
2249 735 2320 796 C.
2372 734 2495 812 948
2555 731 2637 794 de
2692 730 2844 796 ficta
2911 732 3053 814 ejus
3122 733 3331 817 adop-

1827 833 2005 896 tione
2040 832 2361 896 dicentur.

2114 939 2198 997 lt
2237 941 2334 997 lit.
2370 941 2445 996 B.

1829 1036 2256 1106 SAECVLO.
2277 1037 2811 1104 FRVGIFERO.
2861 1040 3005 1100 TR.
3022 1040 3096 1099 Ρ.
3138 1039 3332 1103 COS.

1836 1143 1952 1200 Vir
1978 1143 2190 1218 cupite
2219 1144 2478 1202 radiato
2510 1143 2879 1202 senu’nudus
2909 1152 3091 1202 stam
3128 1144 3193 1200 d.
3224 1162 3336 1202 ca·

1832 1245 2097 1303 duceum
2143 1262 2285 1303 cum
2333 1246 2530 1321 apicis
2551 1286 2569 1317 ‚
2643 1263 2695 1301 s.
2755 1245 3107 1303 tridentem.
3187 1245 3328 1307 AB.

1834 1347 2035 1418 (Mus.
2074 1344 2302 1422 Caes.)
2350 1347 2574 1405 addito
2606 1343 2674 1405 S.
2707 1343 2779 1407 C.
2816 1344 2958 1403 ΑΕ.
2986 1343 3038 1406 1.
3086 1344 3333 1420 (Liebe

1831 1443 2027 1509 Goth.
2063 1465 2243 1506 num.
2278 1466 2341 1526 p.
2379 1445 2554 1520 285.)

1957 1546 2256 1606 Eandem
2307 1566 2604 1608 aversam
2647 1547 2934 1612 Severus
2981 1551 3177 1612 etiam
3216 1554 3330 1614 M·

1831 1648 1987 1722 bino
2027 1648 2291 1709 Caesari
2326 1669 2445 1709 suo
2486 1647 2776 1709 indulsit.
2841 1650 3200 1714 Enimvero
3228 1652 3333 1714 rei

1833 1747 2301 1824 frumentariae
2337 1723 2585 1809 tantum
2632 1749 2950 1832 providit,
3012 1767 3325 1835 quantum

1830 1872 2026 1913 nemo
2056 1851 2268 1913 adbuc
2291 1851 2783 1933 imperatorum.
2829 1855 2993 1913 Cum
3038 1856 3326 1936 primum

1831 1956 2110 2014 Romam
2145 1952 2357 2024 venit,
2415 1952 2480 2011 in
2524 1951 2814 2016 Africam
2862 1954 3161 2037 legiones
3210 1958 3329 2018 mi·

1836 2054 1956 2125 sit,
2000 2073 2085 2115 ne
2131 2074 2252 2135 per
2287 2052 2561 2133 Libyam
2610 2068 2678 2115 et
2716 2054 3086 2138 Aegyptum
3117 2059 3331 2143 Niger

1836 2154 2125 2217 Africam
2174 2168 2566 2237 occuparet,
2634 2167 2700 2215 et
2745 2158 3075 2219 Romanos
3130 2180 3333 2222 anno-

1830 2275 1952 2318 nae
1969 2255 2242 2339 penuria
2260 2269 2529 2337 urgeret
2561 2253 2647 2333 Ιδ).
2692 2257 2987 2340 Eamque
3014 2259 3070 2319 is
3101 2281 3328 2323 curam

1830 2377 1953 2440 per
2001 2356 2295 2441 reliquos
2347 2377 2549 2418 annos
2600 2377 2827 2418 omnes
2872 2357 2964 2421 sic
3022 2360 3331 2436 intendit,

1831 2472 1904 2518 ut
1955 2457 2241 2522 moriens
2306 2471 2557 2540 septem
2612 2479 2930 2520 annorum
3009 2473 3328 2525 canonem

1831 2560 2277 2643 relinqueret,
2361 2560 2448 2620 ita
2519 2573 2590 2619 ut
2636 2559 3010 2641 quotidiana
3063 2563 3333 2631 Lxxv.

1836 2662 2041 2723 millia
2091 2659 2464 2723 modiorum
2499 2657 2783 2742 expendi
2824 2677 3128 2744 possent,
3191 2666 3330 2726 olei

1831 2782 1992 2827 vero
2030 2776 2313 2835 tantum,
2360 2775 2431 2821 ut
2469 2780 2591 2842 per
2640 2751 3155 2846 quinquennium
3197 2788 3334 2827 non

1834 2866 2047 2927 solum
2096 2863 2278 2926 urbis
2329 2862 2585 2935 usibus,
2666 2863 2783 2924 sed
2835 2879 2902 2927 et
2957 2866 3157 2928 totius
3208 2869 3338 2928 lta-

1835 2967 1961 3029 liae
1999 2964 2338 3028 sufficeret
2370 2964 2450 3042 0).
2516 2967 2737 3047 Typus
2783 2966 2976 3048 hujus
3016 2970 3193 3030 numi
3227 2985 3335 3031 est.

1835 3068 2234 3152 compositus
2251 3089 2270 3146 3
2331 3088 2479 3129 nam
2530 3068 2696 3127 radii
2755 3067 3043 3131 indicant.
3092 3071 3330 3147 solem,

1835 3170 2019 3251 cujus
2071 3166 2401 3231 beneficio
2433 3182 2881 3232 maturescunt
2918 3171 3185 3253 fruges,
3231 3192 3340 3235 ca·

1835 3272 2083 3332 ducens
2127 3284 2195 3332 et
2248 3270 2466 3353 spicae
2528 3272 2933 3333 Mercurium
3005 3291 3337 3334 commea-

1834 3388 2028 3469 tuum?
2093 3370 2504 3454 praesidem,
2601 3370 2851 3433 tridens
2926 3375 3327 3455 Neptunum,

1830 3494 1950 3557 per
1977 3472 2163 3555 cujus
2193 3471 2399 3534 undas
2449 3470 2912 3536 traducebatur
2933 3474 3158 3536 elassis
3191 3470 3333 3535 fru-

1830 3574 2168 3639 mentaria.

2401 3719 2436 3754 ὓ
2567 3675 2605 3711 ¹*
2733 3721 2773 3758 ff,

2116 3784 2196 3840 Vt
2238 3784 2331 3838 lit.
2355 3783 2437 3839 A.

1829 3883 2060 3945 Vlc'r.
2099 3878 2296 3944 AVG.
2336 3882 2475 3939 ΤΒ.
2508 3880 2584 3940 Ρ.
2616 3878 2805 3971 (30.8.
2858 3881 3148 3940 Victoria
3179 3901 3331 3959 qra-

1830 3987 2037 4048 dim.
2079 3984 2217 4048 AV.
2264 3982 2404 4044 AR.
2453 3983 2653 4058 (Mus.
2686 3980 2904 4063 Caes.)

1956 4089 2147 4150 Patet
2178 4102 2259 4144 ex
2283 4082 2385 4143 bis
2405 4080 2618 4143 numis
2641 4124 2658 4153 ,
2706 4080 3023 4142 Severum
3044 4079 3175 4162 jam
3195 4079 3326 4143 hoc
3400 4108 3409 4117 ·

1834 4209 2004 4254 anno
2043 4183 2321 4256 victoria
2383 4182 2704 4265 potitum,
2777 4201 2858 4240 an
2902 4180 2984 4242 de
3043 4184 3328 4244 Pescen-

1832 4291 1978 4364 nio,
2023 4310 2103 4350 an
2148 4283 2393 4348 alicubi
2428 4282 2832 4346 daban-baris
2886 4302 3009 4364 per
3045 4286 3326 4365 legatos,

1834 4392 2184 4477 incertum.

2746 4512 2753 4519 t

2848 4566 2855 4577 ι
3200 4550 3206 4555 .

2185 4678 2196 4685 .

1527 4716 1587 4788 c)
1629 4712 1826 4789 Spart.
1867 4729 1917 4770 c.
1951 4718 2040 4772 23.

2860 4793 2917 4851 Y
2994 4882 3011 4891 ..
