4652 5937
1076 492 1077 495 κ
1156 428 1304 521 '254

1142 620 1408 679 ‘nemen
1450 610 1651 675 traxit
1709 633 1745 674 a
1785 623 1975 694 patre
2025 610 2191 671 Sex„
2221 608 2424 675 'Vario
2483 608 2656 669 Mar·-

1168 715 1382 791 cello‚
1425 727 1500 775 ut
1524 712 1699 775 hunc
1730 708 2125 795 appellatum
2164 730 2359 793 supra
2394 729 2474 771 ex
2496 709 2656 770 Dio-

1142 832 1286 891 ne,
1334 829 1402 878 et
1441 815 1916 898 epigrammate
1960 811 2249 894 bilingui
2291 811 2655 873 docuimus.

1144 917 1390 1014 ·Quare
1418 900 1595 984 ratio
1617 933 1749 975 non
1782 926 1885 975 est:
1915 911 2259 974 adserendi
2298 933 2445 974 cnm
2468 914 2659 973 Lam-

1143 1017 1382 1102 'pridio
1426 1016 1525 1097 ⁶),
1572 1015 1645 1076 ei·
1691 1015 1822 1075 hoc
1868 1032 2107 1073 nomen
2140 1012 2360 1077 datum
2399 1012 2479 1072 ab
2511 1012 2654 1075 avia

1162 1118 1385 1186 Varia.
1460 1116 1695 1177 Fuisse
1748 1112 1906 1174 huic
1940 1113 2119 1175 aviae
2157 1132 2399 1174 nomen
2441 1116 2654 1174 Iuliae

1164 1223 1459 1291 Mac-sae,
1505 1235 1591 1277 ex·
1632 1213 1845 1275 numis
1879 1228 2128 1276 constat
2149 1259 2178 1290 ‚.
2209 1214 2486 1280 Variam*
2510 1212 2654 1274 nul-

1161 1319 1268 1380 lus
1311 1330 1655 1402 praeterea
1697 1312 2005 1404 prodidit.
2054 1314 2223 1375 Satis
2274 1334 2358 1375 ex
2394 1314 2496 1374 his
2543 1334 2653 1396 ap·

1161 1433 1391 1504 paret,
1436 1419 1513 1478 in·
1558 1415 1749 1497 nugis
1795 1414 2201 1489 habendum,
2250 1414 2429 1499 quod
2473 1415 2651 1477 idem

1163 1533 1396 1585 auctor
1438 1538 1667 1602 parum
1727 1530 2073 1578 emunctae
2115 1516 2291 1577 naris
2361 1536 2444 1578 ex
2491 1516 2652 1577 alio-

1161 1643 1310 1683 rum
1341 1616 1662 1682 sententia
1703 1616 1911 1677 refert
1934 1660 1951 1692 ,
1996 1618 2200 1679 fuisse
2230 1636 2466 1700 nempe
2503 1618 2680 1678 Ela-=

1166 1720 1473 1805 gabalum
1546 1716 1791 1779 dictum
1870 1722 2164 1792 Varium,
2228 1718 2407 1800 quod
2466 1704 2650 1780 ebrio

1160 1821 1454 1895 semine,
1500 1818 1582 1879 de
1617 1819 1965 1880 meretrice
2003 1831 2255 1901 utpote,
2301 1831 2656 1901 conceptus

1163 1916 1626 1997 videretur‚b).
1673 1918 1977 1981 obtinuit
2004 1918 2188 1985 Varii
2222 1937 2497 1993 nomen,
2545 1916 2658 1979 do-

1166 2042 1292 2085 nec
1348 2019 1671 2081 illustrius
1739 2019 2048 2081 Antonini
2118 2026 2435 2100 usurpare
2495 2018 2655 2080 inci-

1162 2135 1397 2213 peret,
1441 2136 1508 2182 at
1545 2120 1674 2181 hoc
1721 2132 1869 2201 post
1905 2118 2044 2200 ejus
2082 2137 2316 2180 necem
2369 2139 2449 2180 ex
2481 2119 2546 2180 S.
2581 2122 2652 2182 C.

1167 2243 1360 2286 eraso
1406 2222 1647 2284 iterum
1709 2218 1947 2287 Varius
2009 2219 2231 2281 vocari
2297 2219 2517 2303 eoepit
2564 2221 2652 2297 0).

1163 2328 1433 2387 Avitum
1495 2320 1841 2405 aliquoties
1900 2335 2089 2383 vocat
2148 2317 2279 2379 Dio
2328 2315 2431 2393 d),
2494 2318 2652 2402 quin

1165 2438 1233 2488 et
1257 2422 1636 2507 xiphilinus
1667 2423 1723 2502 ⁶)
1744 2466 1761 2497 ‚
1807 2419 1925 2481 sed
1958 2420 2024 2480 in
2054 2439 2182 2502 quo
2220 2432 2531 2502 corrupte
2561 2419 2656 2481 le-

1165 2526 1380 2611 gitur:
1425 2544 1527 2585 τοπ
1541 2516 1779 2583 Aoum»
1809 2540 1910 2607 sto»
1942 2542 2053 2594 της
2080 2515 2352 2593 Macom-
2380 2516 2657 2602 ἕτγιγονον,

1156 2625 1455 2688 librariis
1516 2642 1727 2708 prono
1790 2641 2018 2682 errore
2080 2613 2481 2684 AOTI'ION
2532 2643 2654 2703 pro

1163 2724 1593 2790 Ao‘rlToN
1639 2722 2049 2807 legentibus,
2096 2722 2272 2806 quod
2318 2749 2355 2785 a
2388 2724 2654 2782 nemine

1164 2827 1377 2892 adhuc
1448 2824 1970 2889 animadversum
2035 2823 2299 2885 tandem
2363 2822 2653 2884 suboluit

1164 2929 1441 3013 egregio
1486 2928 1796 2989 Reimaro
1845 2924 1927 2987 ad
1978 2944 2198 2986 sanam
2244 2923 2444 2987 crisin
2497 2934 2650 2984 nato

1162 3028 1472 3113 factoque
1502 3026 1584 3107 s).
1625 3029 1934 3088 Tractum
1955 3022 2130 3086 istud
2168 3044 2409 3086 nomen
2429 3024 2508 3086 ab
2529 3043 2651 3087 avo

1162 3129 1392 3205 Avito,
1468 3126 1748 3188 diximus
1820 3146 2039 3206 supra·
2090 3125 2159 3185 in
2224 3125 2690 3208 diagramma-,

1162 3245 1232 3294 te
1282 3228 1751 3313 genealogico,
1811 3227 2034 3290 valere
2082 3241 2300 3288 antem
2358 3226 2437 3287 ab
2499 3226 2652 3287 Ela-

1166 3330 1413 3415 gabalo
1434 3327 1683 3410 jussu-m
1707 3371 1725 3402 ‚
1772 3347 1932 3389 oum·
1955 3327 2240 3411 primum
2277 3327 2347 3389 in
2380 3325 2651 3389 Antoni-

1159 3433 1233 3494 ni
1273 3445 1517 3495 nomen
1551 3429 1827 3505 invasit,
1871 3442 2148 3491 testatur
2183 3429 2313 3490 Dio
2346 3428 2428 3508 s).
2492 3432 2651 3489 Bas-

1163 3536 1421 3595 sianum
1471 3530 1717 3592 diserte
1760 3531 2045 3613 appellat
2100 3529 2516 3592 Herodianus
2556 3527 2647 3610 ¹¹),

1162 3633 1474 3695 nimirum
1523 3630 1603 3694 ab
1656 3631 1859 3694 abavo
1912 3644 2227 3692 materno.
2286 3622 2442 3692 Tria
2485 3632 2649 3692 hacc

1158 3732 1443 3796 nomina.
1474 3730 1543 3794 in
1596 3729 2034 3794 monumentis
2072 3728 2356 3814 publicis
2393 3750 2528 3793 non
2557 3731 2651 3796 le-

1165 3850 1431 3919 guntur.

1294 3940 1381 4004 Μ.
1413 3938 1736 3999 Aurelios»
1747 3936 2134 3997 Antoninus.
2176 3935 2362 3997 Haec
2388 3935 2653 3999 nomina

1062 4091 1063 4098 ,
1132 4036 1294 4100 ,οἱδὶ
1343 4035 1716 4120 adrogavit‚
1761 4056 1911 4098 cum
1951 4036 2321 4099 caracallae
2376 4057 2501 4122 per
2544 4036 2655 4099 ad-

1164 4137 1478 4201 ulterium
1499 4135 1673 4198 filius
1695 4135 2139 4216 credi-voluit,
2183 4136 2297 4201 eui
2310 4136 2454 4202 sive
2475 4158 2656 4200 men·

1239 4314 1303 4383 a)
1346 4313 1492 4387 Cap.
1526 4324 1613 4378 10.
1796 4310 1867 4382 b)
1910 4312 2057 4386 Cap.
2089 4321 2143 4370 2.

1166 4404 1218 4474 §2
1253 4412 1308 4459 2.
1528 4402 1588 4471 e)
1628 4397 1692 4455 in
1723 4399 2009 4459 Macrino·

1163 4490 1238 4564 h)
1274 4490 1339 4545 in
1368 4488 1649 4546 Macrino.
1869 4487 1919 4562 i)
1958 4487 2260 4562 Lamprid.
2288 4508 2338 4545 c.
2368 4502 2453 4555 17.

1170 4579 1215 4639 1.
1246 4598 1295 4638 c.
1477 4579 1559 4647 m)
1596 4576 1711 4635 Dio
1749 4575 1871 4635 l..c.
1908 4588 1977 4637 et·
2000 4577 2065 4638 L.
2094 4578 2363 4643 LXXIX.
2395 4582 2447 4653 ᾗ.
2475 4588 2560 4646 13·

1172 4666 1277 4728 des
1313 4669 1481 4748 Emp.
1518 4666 1587 4728 Τ.
1624 4667 1654 4730 1
1710 4686 1772 4748 p.
1806 4676 1952 4737 328..
2265 4691 2269 4696 ’

2272 366 3122 497 -ELAGABAnva

2769 605 2993 680 dacio,
3052 604 3193 666 si've
3250 596 3573 666 d'e'd'ecori’
3620 620 3851 666 revera
3904 603 4264 688 imperium

2770 706 3015 768 debuit.
3060 708 3161 767 Εο
3180 705 3555 781 interfecto,
3601 725 3747 766 cum
3770 719 4062 768 sanctum
4083 703 4268 768 istud

2769 827 3009 871 nomen
3046 809 3216 870 male
3248 807 3624 891 impositum
3664 805 3917 868 homini
3967 807 4268 892 turpissi-

2771 930 2880 969 mo
2913 908 3288 984 videretur,
3330 909 3601 993 jubente
3638 921 3865 970 senatu
3903 928 3986 970 ex
4030 929 4272 971 monn-

2768 1007 3004 1070 mentis
3044 1009 3327 1092 pnblicis
3376 1029 3632 1070 erasum
3682 1023 3782 1069 est
3824 1006 3911 1089 ἱ),
3979 1031 4054 1074 ae
4115 1025 4262 1073 turn

2770 1109 3306 1172 convenientiora
3324 1110 3588 1171 nomina
3601 1110 3851 1192 ingesta
3867 1115 4262 1176 Pseudanto—

2765 1215 2911 1272 m'm'
2940 1206 3053 1289 k),.
3093 1215 3409 1286 Tiberini,
3455 1224 3521 1272 et
3573 1216 3904 1284 Τναοῖίίίί,
3951 1214 4272 1296 quoniam

2767 1333 2938 1374 unco
2976 1333 3098 1395 per
3143 1311 3373 1374 urbem
3412 1325 3688 1387 tractus,
3737 1327 3801 1374 et
3843 1311 3908 1372 in
3956 1314 4259 1378 Tiberim

2767 1412 3059 1496 abjectus
3093 1425 3193 1473 est
3238 1410 3310 1491 1),
3357 1416 3834 1491 Sardanapali,
3881 1416 4032 1498 quia
4061 1414 4272 1496 hujus·

2765 1514 3081 1595 Assyriae·
3103 1511 3282 1596 regis
3310 1513 3602 1579 moribus
3624 1504 3781 1576 vidit
3818 1517 3936 1595 ω),
3975 1519 4258 1595 Assyrii,

2768 1616 2945 1698 quod
3001 1612 3415 1677 sacerdotum
3455 1614 3769 1694 Syrorum
3811 1615 4037 1678 habitu
4069 1615 4260 1677 indu-

2767 1702 2872 1775 tus
2900 1735 3093 1798 saepe
3116 1715 3403 1797 prodivit
3430 1717 3516 1795 ιι).
3562 1714 3751 1777 Adeo
3786 1722 4110 1779 Antonini¹
4138 1735 4261 1779 no·

2771 1834 2922 1876 men
2983 1836 3105 1898 per
3171 1816 3287 1876 Pii·
3354 1831 3420 1878 et
3457 1804 3691 1879 ⁸Mai-ei
3767 1818 4261 1882 sanctimoniam

2771 1915 3072 1976 omnibus
3107 1916 3409 1998 gentibus
3441 1908 3818 1981 venerabile
3854 1941 3927 1982 ac
3963 1932 4263 1982 sanctum

2769 2014 3102 2092 habitum,
3161 2036 3235 2079 ac
3286 2030 3639 2100 propterea
3679 2041 3712 2080 a
3765 2020 4263 2083 successoribus

2713 2174 2724 2185 ,
2769 2114 2997 2192 avide,
3044 2116 3167 2177 etsi
3213 2119 3398 2179 nullo
3445 2117 3527 2180 ad
3583 2118 3651 2179 id
3698 2118 3843 2198 jure
3894 2123 4263 2203 expetitum

2766 2215 2834 2275 in
2867 2216 3225 2299 Elagaban
3255 2220 3538 2302 turpiter
3580 2219 3806 2296 desiit,
3851 2220 4124 2285 nemine
4148 2224 4267 2285 de·

2766 2316 2994 2400 inceps
3026 2337 3170 2378 eam
3204 2319 3710 2402 appellationem
3749 2308 4137 2386 adfectantes

2895 2421 3042 2507 Non
3079 2440 3341 2502 possum
3377 2421 3684 2485 hoc-loco
3705 2424 4265 2506 praeterireinso·

2771 2518 3018 2581 lentem
3058 2521 3286 2604 capitis
3326 2522 3853 2606 inscriptionem,
3915 2545 4106 2617 quasm
4149 2547 4267 2589 ex-

2771 2635 2945 2684 stare
2990 2622 3057 2682 in
3113 2643 3312 2684 numo
3363 2637 3677 2707 argenteo
3726 2626 4097 2709 Elagabali‚
4145 2628 4266 2710 qui

2770 2721 2839 2783 in
2882 2742 3180 2784 museum
3221 2723 3401 2807 regis
3433 2725 3890 2808 Hispaniarum
3929 2727 4264 2809 migravit,

2766 2836 3044 2885 testatur
3092 2823 3181 2887 cl—.
3213 2825 3533 2887 Beauvais
3566 2829 3626 2909 0)
3650 2871 3674 2902 2
3713 2826 4020 2891 videlicet
4049 2850 4067 2892 z
4110 2832 4267 2892 AN·

2768 2924 3179 2996 TONINVS.
3216 2926 3295 2996 V:
3340 2927 3505 2990 Eam
3546 2928 3741 2991 aliter
3773 2929 3918 3012 oapi
3945 2949 4267 3016 non-pos-

2767 3047 2838 3089 se
2870 3025 3064 3090 video
3085 3071 3100 3102 ‚
3147 3048 3339 3111 quam
3357 3029 3787 3113 Elagabalum
3820 3052 3965 3095 esse
3995 3051 4077 3094 ex
4096 3035 4262 3096 Cae·

2766 3127 3018 3189 sat-ibus
3069 3133 3395 3211 quintum,
3465 3133 3579 3215 qui
3630 3132 3939 3193 Antonini
3990 3133 4262 3195 nomine

2762 3228 3098 3313 praeditus
3144 3229 3380 3292 fuerat.
3445 3233 3518 3294 Si
3557 3253 3794 3294 numus
3829 3246 3929 3295 est
3969 3234 4259 3318 integer,

2715 3350 2843 3394 ¹ac
2908 3350 3102 3406 vera,
3166 3331 3377 3415 qualis
3447 3334 3787 3417 proditur,
3860 3335 4261 3418 epigraphe,

2764 3430 3033 3494 unicum
3071 3430 3256 3493 istud·
3287 3445 3388 3495 est
3425 3434 3700 3497 inomni
3731 3435 4110 3520 antiquitate
4140 3455 4260 3497 ex-

2764 3531 3091 3615 emplum,
3135 3532 3313 3617 quod
3337 3535 3702 3621 principem
3724 3559 3770 3599 a·
3794 3537 4259 3601 decessoribus
4339 3533 4360 3558 '

2765 3632 3178 3715 homonymis
3239 3634 3458 3699 addito
3525 3658 3804 3702 numero
3864 3637 4256 3722 distinguat,

2768 3733 2890 3817 qui·
2915 3754 3057 3797 mos
3094 3748 3328 3799 nostra«
3363 3751 3573 3800 aetate
3607 3740 3677 3801 in
3728 3737 4255 3803 discriminandis

2764 3835 3178 3920 principibus
3236 3839 3508 3901 obtinet.
3593 3840 3683 3901 At
3738 3841 3936 3904 video
3991 3859 4256 3902 causam

2764 3936 3163 4001 luculentam
3187 3983 3209 4019 ,
3249 3959 3371 4002 cur
3390 3939 3579 4002 istud·
3597 3941 3994 4026 Elagabalus
4024 3955 4256 4004 contra

2767 4057 3031 4103 emnem
3048 4053 3628 4103 veterum-morem
3661 4025 4099 4108 constituerit.
4137 4043 4258 4107 Ni·

2765 4140 3007 4202 mirum
3037 4152 3110 4201 ut
3143 4141 3437 4205 Macrino
3478 4144 3910 4222 consulatum,
3945 4158 4252 4229 tanquam
4323 4129 4344 4138 ⁶

2304 4315 2366 4381 ο)
2403 4311 2705 4388 Lamprid.
2736 4333 2785 4371 c.
2828 4327 2913 4376 νη
2951 4311 2968 4316 ·
3062 4313 3130 4388 a>
3169 4295 3672 4389 L.,12xxv‘111·..§.
3701 4327 3791 4379 so.
3825 4319 3962 4374 aa.
3983 4318 4254 4380 mmlx.

2223 4404 2275 4470 s)
2313 4398 2394 4456 ad
2426 4400 2635 4458 Dionis
2664 4401 2728 4459 L.
2763 4403 3081 4466 LXXVIII.
3111 4415 3250 4461 nota
3283 4407 3406 4468 160.

2633 4491 2700 4566 k)
2738 4492 2851 4549 Dio
2883 4493 2949 4554 L.
2977 4492 3244 4553 Lunx,
3279 4496 3329 4566 ς.
3362 4507 3414 4552 ι.

3622 4409 3689 4481 g)
3728 4406 3791 4460 L.
3824 4405 4086 4463 LXXIX.
4114 4412 4163 4483 ξ.
4200 4421 4260 4470 2.

3594 4492 3647 4570 1)
3685 4493 3798 4553 Dio
3824 4493 4253 4573 l.c.La1nprid.

2742 4583 2808 4656 n)
2843 4577 2957 4643 Dio
2989 4582 3060 4643 L.
3091 4580 3360 4646 LXXIX.
3411 4586 3579 4658 §.tlh
3765 4588 3831 4660 o)
3869 4584 4021 4646 nist.
4049 4583 4250 4664 «ὡκ-ἐς.
