4652 5937
1361 486 2060 576 commonvs

143 687 411 750 cendae
490 686 622 748 ritu
686 686 876 768 plura
939 683 1280 748 docuimus
1349 687 1499 753 Vol.
1563 688 1673 753 lv.

146 809 304 872 pag.
338 788 506 868 489.
569 786 918 849 Praeclare
968 807 1113 850 cum
1169 786 1296 849 hoe
1334 799 1489 869 typo
1526 807 1678 849 con-

149 890 365 951 sentit
425 887 832 971 epigraphe,
893 907 1059 970 quae
1100 888 1368 970 insuper
1401 888 1679 952 vocabu-

146 991 290 1050 lum
345 989 732 1052 COLoniae
768 987 1081 1052 adstituit.

288 1094 477 1152 Tota
516 1090 878 1173 epigraphe
928 1091 1022 1153 sic
1059 1090 1304 1175 absque
1343 1088 1539 1151 dubio
1585 1103 1686 1152 est

153 1189 550 1274 explenda:
598 1194 932 1256 COLonia
977 1195 1186 1254 Lucia
1222 1194 1685 1254 ANtom‘niana

159 1293 723 1368 Commodiana,
806 1292 1136 1377 quomodo
1221 1307 1288 1354 et
1347 1293 1685 1375 Diospolis

159 1394 649 1470 Samaritidos,
680 1377 783 1457 'et
829 1392 1373 1476 Eleutheropolis
1409 1393 1684 1456 Iudaeae

161 1513 314 1557 sese
371 1496 444 1556 in
503 1497 716 1556 numis
770 1496 997 1557 dixere
1029 1499 1284 1557 *Lucios
1334 1498 1688 1574 Septimiae

166 1601 599 1660 Severianus.
661 1601 907 1658 'I'amen
961 1594 1135 1657 istud
1190 1595 1464 1669 mirum,
1523 1596 1689 1657 indi·-

167 1709 307 1759 tum
346 1696 567 1759 fuisse
596 1699 743 1760 urbi
775 1702 1019 1761 Luciae
1051 1716 1483 1780 praenomen,
1554 1715 1685 1780 quo

169 1814 490 1881 tempore
525 1796 924 1860 Commodus
981 1798 1123 1881 ipse
1163 1797 1371 1860 Marci
1415 1818 1689 1880 praeno·

172 1900 353 1961 mine
392 1913 777 1961 constanter
812 1914 912 1961 est
944 1920 1101 1961 usus
1123 1943 1140 1972 ,
1184 1900 1313 1959 nisi
1349 1899 1523 1961 forte
1557 1897 1686 1979 jam

173 2022 355 2063 nunc
411 2014 642 2072 vetus,
708 2021 784 2063 ae
809 2000 1072 2083 pridem
1129 1999 1447 2061 abolitum
1497 2003 1688 2062 Lucii

175 2120 592 2185 praenomen
623 2100 840 2164 denuo
874 2099 1200 2183 respexit,
1246 2098 1423 2183 quod
1452 2120 1687 2161 revera

178 2202 493 2285 proximo
567 2201 833 2263 biennio
893 2215 1236 2284 receptum
1293 2200 1684 2264 videbimuS.

180 2303 286 2366 Ad
372 2304 510 2365 hoc
574 2316 1032 2384 argumentum
1095 2302 1289 2363 etiam
1353 2304 1688 2386 pertinent
1747 2327 1750 2330 *

184 2406 365 2465 numi
410 2405 747 2487 inseripti:
781 2405 1058 2500 HERC.
1095 2401 1320 2464 ROM.
1382 2403 1684 2479 COND.,

187 2525 350 2588 qnos
388 2504 477 2568 ad
512 2527 749 2568 annum
780 2504 859 2571 V·
898 2506 969 2569 C.
1021 2506 1166 2587 945.
1203 2502 1623 2567 intuebimur.

751 2753 788 2790 ι
918 2707 956 2746 ⁴⁵
1082 2751 1121 2788 e
1187 2741 1206 2750 ‘

485 2813 570 2879 Vt
612 2813 706 2871 lit.
746 2814 823 2872 D.

198 2909 382 2973 COS.
403 2913 522 2978 VI.
598 2915 948 2990 Imperator
987 2911 1348 2990 paludatus
1399 2921 1579 2972 stans
1628 2914 1691 2973 d.

192 3000 655 3089 parazoniicm,
719 3035 770 3074 s.
825 3016 1112 3086 hastam,
1152 3017 1366 3088 juxta
1403 3034 1692 3089 procum·

203 3117 345 3174 bem
376 3117 611 3176 mulier
644 3118 852 3193 capite
872 3115 1193 3191 elephanti
1198 3115 1578 3191 proboscide
1595 3136 1694 3173 or·

201 3225 346 3275 nato
387 3221 454 3277 d.
496 3219 736 3276 leonem
770 3210 1120 3294 continyit,
1166 3236 1219 3275 s.
1259 3218 1472 3293 spicas
1508 3223 1693 3287 tenet,-

206 3325 364 3376 retro
389 3320 678 3377 Victoria
696 3326 982 3376 statuens
997 3326 1346 3392 tropaeum.
1374 3316 1511 3376 ΑΕ.
1526 3336 1693 3376 max.

208 3415 372 3478 mod.
422 3417 624 3496 (Mus.
663 3416 950 3493 Albani.)

324 3516 623 3578 Similem
649 3536 942 3576 aversam
982 3515 1170 3577 video
1221 3517 1416 3577 etiam
1464 3518 1531 3578 in
1579 3539 1695 3577 nu-

211 3637 310 3677 mo
353 3617 662 3680 Antonini
701 3617 805 3677 Pii
862 3618 1071 3678 musei
1121 3618 1372 3691 Pisani,
1436 3637 1515 3683 ex
1559 3640 1689 3702 quo

211 3718 466 3781 videtur
544 3718 946 3781 Commodus
1025 3732 1249 3801 typum
1341 3731 1691 3780 mutuatus.

211 3818 501 3880 Diximus
533 3819 596 3878 in
628 3840 824 3881 numo
853 3819 1198 3895 Antonini,
1258 3818 1379 3880 hae
1411 3813 1692 3900 imagine

211 3917 477 3981 indicari
535 3919 747 3981 victos
806 3919 886 3980 ab
946 3940 1028 3982 eo
1089 3924 1391 3993 Mauros,
1464 3921 1578 3979 sed
1631 3929 1696 3978 et

216 4015 377 4080 idem
407 4020 794 4102 praestitum
836 4046 871 4082 a
896 4021 1254 4083 Commodo
1278 4020 1484 4082 refert
1504 4022 1698 4080 Lam·

215 4117 476 4198 pridius.
577 4120 725 4183 Hoc
790 4142 952 4184 vero
1030 4122 1327 4184 mulieris
1406 4119 1698 4182 sedentis

218 4232 361 4301 typo
399 4221 617 4283 notari
657 4222 976 4296 Africam,
1026 4236 1275 4286 certum
1331 4237 1432 4285 est
1461 4241 1542 4284 ex
1582 4241 1700 4282 nu·

223 4340 319 4381 mo
363 4323 596 4382 Severi
643 4323 793 4383 anni
820 4324 900 4389 V.
930 4325 1000 4385 C.
1039 4334 1198 4404 q47,
1237 4325 1302 4384 in
1342 4344 1471 4407 quo
1503 4321 1702 4384 simili

225 4418 458 4503 figurae
529 4422 925 4506 adscriptum
983 4425 1266 4507 legitur:
1301 4426 1639 4487 AFRICA.

326 4668 384 4782 a)
425 4708 597 4766 Num.
629 4728 783 4769 max.
821 4709 979 4769 mod.
1011 4731 1128 4789 reg.
1167 4710 1324 4770 Gall.

3133 518 3273 590 12³

2351 730 2389 768 ιι
2517 688 2555 727 ³*
2597 691 2603 700 ⁷
2683 730 2720 769 e
2756 731 2771 748 -

2086 792 2147 849 V
2139 799 2168 850 t
2211 791 2309 861 lit.
2344 796 2424 850 A.

1796 888 1985 955 COS.
2037 891 2147 956 Vl.
2213 892 2289 952 P.
2338 893 2410 952 P.
2517 896 2632 952 Vir
2679 897 2887 955 nudus
2940 901 3291 978 quadr-{qm

1798 1012 1995 1076 oyem
2050 1012 2239 1071 super-
2282 995 2480 1054 nubes
2524 996 2736 1072 fiyura
2773 998 2990 1073 facem
3032 1003 3290 1078 praefe—

1798 1103 1972 1154 rente
1988 1114 2015 1166 ‚·
2083 1096 2177 1153 ad
2226 1114 2407 1153 oram
2443 1098 2621 1154 numi
2657 1102 3041 1173 superiorem
3081 1106 3292 1174 portio

1799 1197 2091 1267 zodiaci,
2151 1195 2331 1272 infra
2383 1199 2611 1257 mulier
2660 1202 2994 1259 seminuda
3044 1204 3292 1263 decum-

1802 1298 1972 1370 bens,
2012 1315 2065 1358 s.
2085 1298 2507 1374 cornucopiae
2548 1298 2685 1359 ΑΕ.
2706 1319 2871 1361 max.
2894 1299 3066 1362 mod.
3090 1302 3291 1380 (Mus.

1769 1398 1988 1459 ‘Caes.
2029 1409 2095 1457 et
2123 1394 2301 1479 regis
2332 1393 2636 1477 Galliar.)

1928 1499 2018 1564 Vt
2050 1495 2317 1557 dubium
2340 1519 2469 1559 non
2506 1513 2643 1576 est,
2692 1500 2907 1562 virum·
2934 1503 2999 1563 in
3035 1503 3297 1586 quadri·

1806 1598 1904 1682 gis
1942 1618 2087 1659 esse
2125 1598 2387 1672 Solem,
2437 1612 2503 1660 et.
2556 1600 2899 1664 mulierem
2932 1604 3112 1666 humi
3146 1623 3304 1690 pro-

1801 1712 2066 1760 stratam
2128 1697 2471 1760 Tellurem
2537 1723 2575 1763 a
2648 1702 2806 1765 Sole
2876 1725 2994 1766 seu
3064 1707 3296 1784 fotam,

1806 1819 1923 1860 seu
1959 1799 2386 1860 illuminatam
2414 1844 2431 1875 ,
2479 1800 2564 1862 ita
2603 1801 2871 1888 adsequi
2903 1828 3035 1868 non
3075 1810 3290 1885 valeo,

1805 1900 1964 1985 quid
2011 1900 2299 1963 themate
2347 1900 2474 1965 isto
2518 1903 2906 1968 adumbrare
2965 1911 3298 1975 voluerint

1804 2002 2167 2062 monetarii.
2268 2006 2343 2063 ln
2401 2023 2602 2065 numo
2662 2007 2980 2071 maximae
3040 2011 3303 2077 formae

1803 2101 2012 2162 musei
2045 2101 2332 2167 Medicei
2390 2104 2621 2165 similis
2658 2120 2757 2168 est
2783 2121 2972 2192 typus
2994 2157 3011 2187 ‚
3079 2115 3195 2177 sed
3228 2117 3300 2178 in

1802 2202 2009 2265 ant-ica
2053 2219 2151 2265 est
2199 2218 2392 2287 caput
2425 2207 2773 2281 Antonini,
2820 2224 2884 2271 et
2921 2212 3154 2276 similis
3185 2238 3300 2280 oc-

1784 2306 2011 2367 ‘currit
2060 2306 2127 2365 in
2169 2327 2367 2367 numo
2408 2307 2865 2394 Nicaeensium
2906 2333 3051 2374 cum
3080 2319 3293 2399 capite

1801 2411 1893 2469 M.
1926 2408 2178 2469 Aurelii
2212 2408 2303 2488 ⁸),
2367 2423 2434 2471 et
2485 2409 2551 2471 in
2594 2432 2852 2495 gemma
2897 2418 3103 2477 musei
3142 2420 3296 2480 Flo-

1801 2507 2046 2569 rentini-
2073 2504 2160 2588 Β).
2860 2535 2865 2540 ’

2529 2653 2562 2685 *

2684 2695 2723 2733 ἦ

2098 2751 2181 2808 Vt
2221 2750 2317 2809 lie.
2358 2691 2441 2811 21.
3034 2768 3041 2770 *

1809 2850 2071 2910 FIDEI.
2117 2850 2335 2911 COH.
2379 2852 2455 2911 P.
2504 2854 2590 2913 Μ.
2627 2854 2765 2914 TR.
2812 2854 2883 2913 P.
2916 2856 3057 2919 XV.
3106 2858 3304 2923 COS.

1816 2952 1922 3016 VI.
1969 2954 2205 3014 Mulier
2255 2962 2437 3014 stans
2483 2958 2544 3018 d.
2574 2958 2787 3033 spicas
2807 3000 2823 3031 ‚
2871 2978 2920 3018 a.
2966 2965 3304 3026 vexillum.

1810 3055 1946 3116 AR.
2013 3056 2213 3134 (Mus,
2255 3055 2474 3135 Caes.)

2102 3198 2185 3253 Vt
2224 3194 2317 3251 lit.
2351 3197 2440 3254 A.

1809 3297 1862 3355 F
1871 3295 2072 3354 lDEl.
2106 3291 2661 3359 COHORTIVM.
2700 3298 2900 3365 AVG.
2978 3305 3152 3364 Idem
3209 3314 3310 3385 ty„

1800 3418 1946 3476 pus.
2010 3395 2147 3455 AR.
2196 3396 2397 3474 (Mus.
2428 3394 2644 3473 Caes.)

1932 3494 2128 3556 Numi
2170 3494 2440 3555 alterius
2485 3495 2977 3578 inscriptionem
3008 3504 3301 3567 nondum

1808 3598 1871 3658 in
1897 3608 2152 3658 moneta
2181 3608 2407 3659 vetere
2445 3599 2828 3680 conspicere
2864 3601 3068 3664 licuit.
3129 3605 3303 3666 Eum

1810 3697 1982 3758 haud
2054 3698 2143 3758 ita
2214 3695 2472 3780 pridem
2529 3719 2759 3762 museo
2822 3701 3146 3767 Caesareo
3198 3729 3307 3769 ac·

1810 3796 2066 3879 quisivi.
2668 3816 2675 3822 ·

2547 3918 2585 3957 β

2604 3978 2612 3991 =
2710 3963 2748 4003 α

2079 4021 2189 4077 ‘Vt
2229 4021 2326 4081 lit.
2377 3962 2438 4081 ἒ.

1813 4119 2216 4180 LIBERAL.
2252 4120 2451 4185 AVG.
2478 4119 2621 4182 Vn.
2677 4123 2753 4184 P.
2774 4126 2863 4186 M.
2908 4126 3307 4196 TR.P.XV.

1814 4222 1992 4283 IMP.
2043 4222 2216 4287 VIII.
2282 4219 2474 4282 COS.
2505 4224 2615 4289 VI.
2657 4223 2721 4284 S.
2763 4226 2835 4286 C.
2914 4228 3304 4292 Liberalitas

1815 4334 1996 4383 stam
2014 4366 2030 4397 ,
2095 4321 2237 4383 vel:
2295 4327 2648 4403 Imperator
2692 4329 2764 4386 in
2810 4340 3110 4408 ,πεμφθείη
3135 4353 3308 4394 more

1816 4427 2028 4486 solito.
2093 4424 2308 4485 AE.1.
2379 4428 2577 4503 (Mus.
2616 4428 2835 4508 Caes.)

1471 4710 1538 4781 b)
1580 4710 1744 4766 Tom.
1782 4707 1856 4768 11.
1897 4706 2014 4766 tab.
2050 4717 2148 4772 87.

2761 4847 2911 4941 Qz
