4652 5937
1446 438 2083 519 PHILIPPVS
2152 445 2247 519 1..

420 630 888 701 Mediobarbus
919 629 1083 692 illud
1104 672 1121 704 ‚
1171 627 1345 712 quod
1377 626 1790 690 mulierdex·

294 756 437 805 tera
494 744 907 821 praegestat,
983 731 1111 814 jam
1176 731 1598 812 delphinum,
1656 728 1784 810 jam

295 841 751 926 capricornum
785 832 961 895 dicit.
1032 833 1284 898 Verum
1324 831 1525 893 cauda
1562 830 1789 891 oblon-

292 964 381 1024 ga
439 953 506 1002 et
554 938 846 1011 sinuata,
905 948 1043 997 tum
1095 948 1293 1017 ¹,caput
1340 943 1785 1016 praeacutum,

294 1041 471 1127 quod
529 1052 881 1120 utrumque
951 1036 1020 1095 in
1082 1035 1296 1096 numis
1377 1032 1786 1095 nitidissimis

292 1140 503 1206 musei
548 1136 852 1217 Caesarei
898 1135 1237 1197 luculente
1281 1148 1588 1218 apparet,
1649 1154 1788 1195 cer-

296 1243 620 1306 tissimum
668 1238 1019 1300 draconem
1066 1236 1350 1310 faciunt,
1413 1248 1605 1319 atque
1643 1233 1785 1315 ejus

296 1344 594 1417 formae,
638 1362 764 1424 qua
813 1337 1091 1420 insignia
1144 1337 1448 1398 militaria
1499 1334 1787 1420 praefixa

301 1418 777 1527 conspicimus,
827 1437 907 1499 de
954 1438 1189 1523 quibus
1234 1437 1439 1514 infra,
1488 1437 1615 1500 hoc
1657 1456 1787 1498 uno

300 1544 679 1609 discrimine
702 1587 717 1618 ,
764 1540 942 1625 quod
978 1540 1175 1602 draco
1208 1559 1557 1601 numorum
1598 1538 1789 1600 binos

299 1645 506 1731 pedes
553 1643 956 1727 praetendit,
1003 1641 1237 1725 quibus
1293 1653 1517 1704 carent
1564 1638 1793 1718 draco·

295 1766 416 1807 nes
459 1746 527 1805 in
580 1745 781 1828 signis
839 1742 1255 1805 militaribus.
1342 1744 1428 1802 At
1488 1740 1789 1802 novimus

301 1844 793 1907 immoderatam
843 1858 1141 1912 veterum
1202 1840 1522 1919 artificum
1572 1842 1635 1902 in
1677 1839 1794 1901 fin-

301 1945 536 2030 gendis
580 1946 965 2007 animalibus
1014 1944 1383 2017 licentiam,
1431 1962 1577 2002 cum
1626 1941 1789 2004 haec

297 2062 485 2110 extra
553 2060 850 2108 naturam
913 2045 1206 2127 quaesita
1276 2039 1487 2103 fuere.
1577 2043 1670 2103 lta
1726 2057 1793 2105 et

300 2147 620 2211 dracones
671 2150 874 2209 alatos
922 2146 1157 2207 sistunt
1205 2145 1386 2205 numi
1435 2143 1792 2216 Eleusinis,

301 2263 369 2312 et
419 2249 656 2334 passim
705 2250 752 2309 ii
804 2246 958 2310 alati
1007 2257 1194 2318 sunt,
1242 2242 1352 2326 qui
1383 2244 1645 2306 Cereris
1686 2256 1795 2304 aut

302 2349 704 2433 Triptolemi
747 2367 1012 2413 currum
1052 2347 1383 2408 subivere.
1431 2348 1678 2406 Tamen
1723 2357 1792 2405 et

305 2450 659 2513 draconem
710 2448 1016 2533 bipedem
1065 2445 1260 2510 video
1308 2447 1374 2506 in
1423 2446 1641 2527 tabula
1688 2466 1792 2507 ae·

299 2569 426 2612 nea
486 2564 710 2614 vetere
767 2550 1016 2635 legioni
1056 2551 1137 2614 11.
1170 2551 1333 2631 Aug.
1390 2548 1791 2623 adstitutum,

215 2675 222 2680 ·
304 2652 429 2713 etsi
455 2651 628 2714 hunc
665 2672 925 2737 quoque
963 2649 1437 2723 Buonarrotius
1466 2669 1794 2711 commen-

299 2768 473 2817 tator
523 2754 979 2837 capricornum
1032 2748 1204 2814 dicat
1253 2755 1329 2829 a).
1420 2750 1795 2812 Praesentis

278 2848 481 2915 ‘numi
534 2853 732 2917 draco
798 2853 1096 2935 aenigma
1159 2852 1393 2930 offert,
1457 2852 1635 2937 quod
1698 2853 1792 2914 sic

304 2955 620 3039 expedire
677 2968 879 3018 tento.
967 2954 1203 3016 Fuisse
1253 2945 1570 3052 dracones
1621 2951 1796 3042 apud

303 3057 636 3119 Romanos
707 3056 985 3140 insignia
1062 3054 1470 3131 cohortium,
1547 3056 1793 3118 diserte

304 3158 533 3231 docet,
580 3158 898 3239 Vegetius
928 3156 1033 3235 b):
1087 3160 1363 3217 Primum
1412 3161 1662 3237 siquam
1705 3168 1796 3219 to·

304 3264 433 3320 tias
480 3261 754 3337 leyionis
794 3266 894 3317 est
932 3261 1193 3337 aquila,
1240 3277 1431 3339 quam
1483 3258 1790 3338 aquilifer

298 3366 535 3438 portat.
598 3361 922 3417 Dracones
966 3360 1162 3417 etiam
1193 3377 1310 3436 per
1358 3359 1649 3435 sinyulas
1690 3376 1793 3418 co·

302 3463 521 3522 hortea·
541 3481 584 3519 a
612 3459 1017 3519 draconariis
1026 3459 1323 3536 seruntur
1341 3461 1434 3517 ad
1452 3460 1813 3536 praelium.

306 3562 441 3622 Eos
497 3558 704 3620 fuisse
765 3557 1050 3618 intextos
1108 3556 1370 3620 vexillis
1392 3600 1410 3632 ,
1484 3556 1796 3619 discimus

310 3679 393 3722 ex
424 3659 768 3730 Ammiano
805 3659 1144 3720 solennem
1180 3656 1539 3721 Constantii
1586 3657 1655 3718 in
1689 3678 1799 3718 ur-

304 3763 455 3824 bem
489 3760 855 3845 ingressum
885 3758 1338 3822 describente:
1383 3761 1798 3837 alio-sparpa-

304 3868 433 3927 reis
456 3864 965 3942 suble-ominibus
993 3865 1156 3923 texti
1171 3862 1635 3924 circumdedere
1652 3863 1799 3920 dra·

308 3987 523 4039 eones,
567 3967 896 4025 hastarum
914 3965 1130 4024 aureis
1141 3962 1605 4042 qemmatisque
1633 3979 1800 4022 sum·

306 4067 641 4129 mitatibus
670 4066 915 4146 illiqati
932 4108 950 4140 ‚
994 4067 1175 4125 hiatu
1213 4071 1397 4124 vasto
1421 4062 1702 4138 nutiles,
1736 4069 1803 4123 et

309 4169 454 4228 ideo
474 4167 647 4227 velut
673 4168 723 4226 ir
733 4188 775 4227 a
782 4149 965 4246 perci
970 4169 1021 4226 ti
1038 4168 1392 4240 sibilantes,
1423 4165 1801 4225 caudarum·

290 4287 430 4348 que
449 4269 774 4329 volumina
793 4271 1217 4351 relinquentes
1236 4269 1307 4328 ia
1332 4275 1604 4330 ventum.
1635 4263 1802 4325 Dra·

306 4561 307 4564 ¹
390 4576 451 4644 a)
492 4573 729 4631 Osserv.
760 4571 923 4633 istor.
952 4596 1013 4653 p.
1052 4575 1238 4636 XVII.

316 4659 566 4720 XXXV.
606 4681 670 4736 p.
707 4673 835 4727 302.

508 4755 689 4838 (ναι.
740 4757 918 4840 γη.)

983 4665 1044 4737 e)
1084 4661 1158 4724 de
1197 4663 1486 4723 conscrib.
1524 4661 1673 4724 hist.-

1385 4574 1455 4647 h)
1491 4572 1556 4631 L.
1589 4573 1666 4634 11.
1695 4594 1743 4633 c.
1786 4584 1870 4640 13·

3235 473 3384 558 329

1904 649 2139 693 conum
2188 625 2395 692 hastis
2448 624 2813 715 aptatorum
2865 638 3121 721 saepius
3171 644 3402 705 memi-

1901 732 1997 793 nit
2052 732 2473 817 Ammianus,
2559 751 2627 797 et.
2678 733 2998 799 dracones
3058 741 3125 801 in
3178 741 3402 827 inepta

1904 834 2191 896 Gallieni
2226 854 2464 916 pompa
2494 835 2665 898 inter
2697 838 2879 922 signa
2907 842 3212 906 militaria
3248 864 3406 928 pro-

1904 936 2179 999 cessisse
2205 934 2417 996 refert
2441 938 2816 1002 Trebellius
2849 945 2928 1022 0).
2973 944 3144 1011 Vide
3166 989 3184 1021 ,
3233 966 3403 1029 quae

1901 1038 2091 1120 plura
2129 1036 2210 1098 de
2251 1036 2355 1098 his
2401 1038 2769 1103 testimonia
2821 1046 3013 1106 etiam
3069 1066 3150 1107 ex
3184 1048 3405 1133 poetis

1904 1138 2236 1220 congessit
2269 1138 2564 1199 eruditus
2598 1133 2854 1206 leBeau
2876 1147 3104 1209 Gallus
3140 1145 3229 1227 d).
3272 1148 3406 1211 Da-

1904 1238 1998 1301 cis
2030 1240 2224 1301 etiam
2263 1260 2338 1303 ac
2360 1240 2861 1308 Parthis'multo
2893 1262 3042 1310 ante
3081 1248 3407 1312 dracones

1904 1339 2109 1403 fuisse
2161 1362 2289 1425 pro
2352 1341 2717 1423 insignibus
2787 1349 3114 1431 praefixos
3178 1349 3406 1425 hastis,

1903 1454 2082 1524 patet
2118 1463 2264 1505 cum
2300 1462 2381 1503 ex
2414 1444 2715 1508 columna
2759 1450 3056 1530 Traiani,
3101 1464 3241 1513 tum
3275 1451 3412 1521 Lu·

1906 1542 2091 1605 ciano
2127 1544 2206 1621 ο).
2253 1546 2438 1627 Ergo
2476 1543 2678 1606 draco
2714 1548 2781 1607 in
2817 1564 3166 1631 praesente
3201 1563 3408 1615 numo

1905 1667 1942 1705 a
1988 1644 2271 1705 muliere
2332 1660 2784 1728 praegestatus
2845 1650 3138 1713 indicare
3200 1651 3401 1713 facile

1874 1757 2122 1827 *potest
2181 1749 2714 1828 tranquillitatem
2761 1769 2796 1807 a
2854 1750 3224 1811 cohortium
3274 1748 3408 1813 fide

1906 1867 1980 1915 ac
2030 1847 2272 1909 virtute
2334 1846 2615 1928 imperio
2664 1848 3063 1929 praestitam.
3150 1848 3405 1913 Eadem

1908 1967 2138 2009 aversa
2185 1960 2284 2008 est
2323 1948 2516 2008 etiam
2554 1948 2623 2029 in
2669 1969 2869 2011 numo
2915 1950 3254 2015 rarissimo
3285 1954 3412 2017 Te·

1909 2048 2021 2111 citi
2054 2046 2289 2110 eodem
2318 2045 2494 2122 haud
2525 2045 2722 2108 dubie
2756 2066 2976 2110 sensu.
3075 2128 3081 2136 .

2194 2269 2396 2331 Numi
2422 2271 2770 2329 commatis>
2791 2272 3140 2349 per-cyrini.

2040 2450 2238 2515 Obvii
2287 2425 2482 2534 liujus
2519 2452 2782 2534 generis
2814 2452 2995 2513 numi
3032 2467 3161 2515 tam
3201 2452 3265 2514 in
3303 2476 3410 2515 ur·

1908 2553 2100 2616 bibus
2149 2552 2452 2624 Graecis,
2532 2571 2720 2630 quam
2800 2554 3077 2615 coloniis
3139 2553 3400 2636 signati,

1907 2654 2074 2716 nihil
2109 2668 2323 2714 tamen
2361 2650 2664 2735 privatim
2701 2651 2784 2714 de
2829 2653 2909 2714 iis
2935 2652 3199 2716 videtur
3230 2674 3409 2716 com·

1910 2754 2431 2819 memorandum.
2986 2760 2991 2769 '

2148 2978 2246 3038 De
2283 2958 2502 3037 aare'is
2528 2976 2820 3037 barbaris
2847 2978 3158 3063 Philippi.

2190 3159 2675 3226 PHILIPPVS.
2715 3160 2939 3226 FIVS.
2968 3158 3232 3229 AVGG.
3276 3166 3407 3236 (sie

2192 3265 2463 3337 omnias.
2512 3264 2718 3338 Capul
2750 3263 3053 3352 maliebre
3073 3264 3405 3340 yoleatum

2196 3363 2472 3421 alatum.

1910 3458 2613 3524 ENTTLochss.
2656 3438 3408 3532 Milesitansdmastam,

1912 3577 1965 3621 s.
2016 3563 2295 3638 ylobam.
2353 3563 2492 3628 AV.
2543 3556 2720 3633 bini,
2767 3577 3045 3641 quorum
3091 3580 3255 3619 unus
3301 3559 3412 3620 ad·-

1911 3657 2142 3742 pendit
2178 3682 2414 3726 aureos
2455 3671 2780 3722 nostrates
2819 3657 2956 3721 tres
2990 3679 3136 3721 cum
3188 3660 3413 3742 aliquo

1913 3779 2225 3837 excessu,
2301 3763 2472 3825 alter
2523 3758 2823 3824 nonnihil
2882 3759 3116 3822 levior.
3207 3758 3406 3836 (Mus.

1914 3860 2132 3940 Caes.)
2177 3861 2365 3924 Alius
2408 3883 2591 3945 gran.
2646 3861 2783 3939 195.
2841 3857 3193 3942 (Pellerin.
3251 3857 3456 3920 Mel.-

1911 3963 1960 4026 1.
1990 3982 2055 4045 p.
2102 3957 2508 4042 161.),A1ius
2549 3981 2731 4045 gran.
2771 3958 2910 4032 161.
2953 3958 3176 4039 (ibid.)
3221 3959 3412 4021 Alius

1915 4082 2099 4147 gran.
2151 4064 2288 4128 ¹50.
2366 4066 2573 4148 (Mus.
2617 4061 2775 4125 olim
2822 4058 2906 4125 de
2948 4061 3206 4124 France
3248 4059 3411 4129 Vin·

1914 4163 2101 4245 doli.)
2282 4235 2289 4240 ‚

2039 4267 2336 4330 Aureum
2404 4262 2758 4330 barbarum
2834 4259 3067 4325 similis
3138 4275 3411 4327 naturae

2034 4578 2094 4650 c)
2135 4574 2198 4636 in
2228 4570 2507 4658 Gallieno
2534 4541 2584 4637 c.
2616 4581 2672 4638 Β.
2820 4569 2892 4646 d)
2931 4517 3296 4654 Μεωχᾩι.
3335 4547 3422 4646 Τ.-

2889 4757 3008 4818 ‘rt
