4652 5937
1316 469 1411 540 u,
2023 451 2122 526 Μ.
2223 449 2835 571 ΑῪΒΕΙΛΙΫὸ
2934 449 3669 528 ANTONINVS.

1310 635 1528 700 numia
1560 633 1868 719 copiosis,
1902 655 1976 697 ac
2011 636 2469 700 marmoribus.
2527 637 2805 701 Factum
2919 635 3084 698 mihi
3162 654 3373 720 usque
3435 635 3636 698 modo
3686 633 4103 721 exemplum
4171 633 4443 696 occurrit

1310 733 1488 798 istud
1525 756 1657 799 non
1693 735 1902 798 multo
1948 751 2099 820 post
2121 781 2139 812 ,
2202 760 2394 821 quam
2437 743 2808 802 Germanici
2921 756 3000 799 ex
3017 756 3344 798 marmore
3360 733 3747 819 Africanob)
3773 759 3788 801 :
3817 736 4051 800 PRO.
4079 735 4444 800 SALVTE.

1310 855 1555 899 nomeu
1598 836 1667 898 in
1706 852 1958 920 partem
1995 838 2272 900 anticam
2310 841 2585 921 recepit.
2651 841 2808 901 Cer·
2918 839 3097 899 ΙΜΡ.
3146 842 3236 899 Μ.
3274 838 3724 901 ANTONINI.
3768 836 3983 904 AVG.
4030 838 4192 899 1²11.
4229 837 4447 898 LIBE-

1311 951 1379 1001 te
1412 938 1479 1000 in
1518 937 1749 1001 eadem
1790 938 1943 1000 trib.
1988 951 2314 1021 potestate
2356 941 2591 1027 xxm.
2643 939 2809 1023 legi·
2919 940 3452 1034 RORVMQVE.
3483 941 3706 1007 Etvs.
3749 938 3878 1001 Hic
3916 928 4038 1001 Μ.
4077 936 4450 1000 Antoninus

1312 1052 1453 1102 tura
1523 1040 1619 1104 M.
1667 1036 2201 1105 ANTONINVS.
2260 1038 2462 1105 AVG.
2535 1041 2808 1104 GERM.
2926 1027 3274 1102 alius'esse
3302 1061 3434 1102 non
3453 1055 3670 1125 potest
3716 1041 3797 1103 ab
3834 1040 4150 1102 Aurelio
4189 1052 4450 1109 nostro;

1310 1156 1416 1202 et:
1518 1144 1610 1204 M.
1673 1140 2206 1206 ANTONINVS.
2266 1140 2469 1208 AVG.
2531 1139 2809 1205 GERM.
2923 1163 3073 1204 nam
3107 1144 3219 1226 qui
3267 1142 3498 1206 eadem
3546 1143 3810 1207 nomina
3842 1144 4224 1214 tulerunt,
4275 1139 4457 1200 Cara·

1315 1241 1577 1303 SARM.
1667 1242 1900 1323 Coepit
1954 1243 2118 1303 haec
2152 1261 2321 1302 anno
2368 1245 2451 1311 V.
2481 1244 2552 1306 C.
2616 1243 2762 1321 928.
2787 1285 2805 1318 ,
2923 1243 3090 1304 calla
3112 1257 3177 1304 et
3204 1245 3624 1327 Elagabalus,
3654 1243 3883 1305 liberis
3914 1259 4258 1305 caruere.
4296 1240 4459 1300 Fue·

1310 1344 1386 1407 P.
1437 1344 1519 1403 X.
1575 1346 1711 1422 175.
1778 1344 1953 1410 Vsus
1998 1356 2098 1403 est
2140 1340 2242 1402 his
2285 1343 2496 1404 titulis
2539 1348 2662 1426 per
2707 1361 2809 1404 se·
2919 1343 3605 1423 renominaquaedam
3629 1341 4030 1418 honorifica,
4072 1359 4265 1426 quae
4296 1336 4458 1422 apud

1313 1462 1523 1528 quens
1583 1444 1794 1507 adhuc
1851 1442 2223 1517 biennium,
2307 1442 2618 1526 deinceps
2680 1442 2807 1517 his,
2921 1444 3255 1507 Romanos
3303 1447 3565 1508 nonnisi
3620 1461 3772 1532 post
3826 1464 4210 1508 excessum
4263 1439 4457 1503 tribui

1310 1545 1750 1627 omnibusque
1798 1543 1945 1605 aliis
1995 1562 2203 1626 usque
2242 1542 2323 1604 ad
2359 1563 2700 1605 excessum
2737 1543 2809 1604 in
2924 1556 3075 1604 sunt
3153 1545 3383 1625 solita,
3451 1560 3595 1623 aut,
3674 1560 3747 1609 ut
3822 1547 4106 1629 planius
4199 1545 4453 1626 loquar,

1309 1658 1574 1707 moneta
1601 1643 1932 1705 abstinuit.
1977 1644 2255 1727 Legitur
2280 1642 2550 1726 quidem
2594 1642 2807 1706 adhuc
2921 1642 3113 1705 fuere
3151 1644 3444 1710 decreta.
3504 1650 3761 1709 Drusus
3808 1649 4042 1710 senior
4073 1660 4251 1730 post
4289 1664 4456 1704 mor-

1307 1744 1380 1806 in
1413 1764 1614 1806 numo
1664 1764 1868 1805 aureo
1910 1743 2120 1807 musei
2169 1745 2476 1806 Caesarei
2515 1763 2665 1833 cum
2692 1743 2821 1831 tri-⁹
2921 1759 3058 1808 tem
3091 1752 3513 1811 Germanicus
3552 1747 3686 1810 dici
3727 1748 3970 1832 coepit.
4017 1745 4453 1811 Caracallam

1313 1846 1562 1908 bunatu
1607 1844 1907 1906 xxxm.
1929 1888 1946 1920 ,
2002 1845 2117 1928 qui
2155 1843 2464 1907 currebat
2512 1862 2662 1905 cum
2697 1862 2810 1904 an·
2923 1847 3050 1908 soli
3081 1849 3597 1912 consecrationis
3626 1848 3808 1911 numi
3843 1853 4180 1929 Magnum
4232 1845 4452 1929 appel·

1308 1965 1397 2010 no
1448 1947 1533 2014 V.
1578 1947 1653 2009 C.
1701 1944 1847 2025 932.
1946 1946 2197 2012 Verum
2245 1945 2372 2006 etsi
2410 1943 2467 2005 is
2512 1953 2808 2007 vetustus
2922 1946 3098 2024 lant,
3143 1948 3364 2013 vivum
3407 1971 3761 2034 nunquam.

1310 2047 1581 2111 omnino
1663 2045 1998 2120 videatur,
2077 2066 2225 2109 cum
2273 2058 2494 2108 tamen
2546 2042 2820 2105 differat
4071 2114 4080 2125 .

1310 2147 1601 2225 fabrica,
1659 2162 1729 2210 et
1780 2148 2111 2232 probitate
2163 2147 2342 2223 auri,
2401 2143 2668 2209 videtur
2727 2163 2812 2205 ex
3325 2189 3981 2251 IMPERATOB
4061 2126 4070 2139 ἐ

1308 2248 1774 2313 adulteratoris
1827 2250 2074 2314 veteris
2134 2245 2399 2310 officina
2439 2245 2808 2329 prodivisse
3982 2231 4000 2248 ⁶

1313 2351 1695 2435 compositis
1736 2350 1908 2411 male
1937 2349 2109 2411 binis
2150 2346 2568 2421 matricibus,
2611 2359 2808 2429 atque

1230 2478 1233 2479 ⁷
1306 2450 1675 2514 universim
1744 2470 1879 2512 non
1952 2469 2097 2511 esse
2157 2450 2253 2524 is,
2339 2446 2452 2531 qui
2540 2445 2818 2531 reliquis

1315 2551 1573 2635 agnitae
1628 2550 1917 2613 sanitatis
1948 2547 2458 2614 reclamantibus
2498 2547 2813 2611 resistere

1310 2673 1476 2714 unus
1510 2652 1737 2737 possit.

3050 2386 3239 2469 Capti
3271 2386 3466 2469 hujus
3496 2407 3580 2449 ex
3607 2387 3902 2452 victoriis
3934 2387 4122 2451 tituli
4150 2407 4440 2473 sequeus

2923 2488 3035 2550 lex
3064 2507 3100 2548 e
3140 2488 3578 2551 monumentis
3602 2534 3621 2566 ,
3664 2508 3739 2550 ac
3787 2490 4003 2552 numis
4036 2491 4440 2574 praecipue,

2924 2587 3251 2650 statuitur.
3391 2662 3394 2663 7

3047 2709 3228 2770 lMP.
3282 2709 3364 2769 11.
3435 2706 3716 2789 Legitur
3757 2708 3949 2772 *istud
4005 2710 4317 2794 primum
4373 2707 4439 2769 in

2925 2808 3069 2892 ejus
3112 2807 3449 2870 tribunatu
3489 2808 3731 2886 XVII„
3778 2811 3891 2895 qui
3921 2815 4247 2895 currebat
4288 2830 4434 2874 cum

2916 2930 3086 2975 anno
3131 2911 3214 2977 V.
3262 2910 3337 2976 C.
3382 2909 3543 2990 qno,
3608 2926 3676 2975 et
3727 2914 4001 2977 accessit
4047 2915 4167 2979 hic
4221 2915 4437 2976 honos

2917 3033 3040 3098 per
3071 3010 3422 3104 subactam.
3447 3033 3486 3074 a
3523 3013 3794 3081 L-Vero
3815 3015 4227 3080 Armeniam.
4299 3015 4433 3076 Me·

2919 3112 3109 3174 minit
3169 3112 3363 3196 hujus
3425 3113 3601 3176 tituli
3661 3116 4065 3199 Capitolinus
4131 3131 4424 3201 quoque,

2921 3213 3176 3276 scilicet
3203 3215 3547 3283 L.Verum
3592 3213 3775 3278 bello
3827 3237 3977 3278 cum
4005 3217 4279 3280 Parthis
4309 3231 4428 3297 per
4462 3256 4473 3268 .

2923 3315 3176 3397 legatos
3230 3327 3419 3397 gesto
3491 3313 3740 3378 dictum
3801 3308 4004 3380 'fuisse
4064 3318 4427 3403 imperato·

2922 3434 3066 3476 rem
3099 3416 3181 3493 c).

1911 2872 2189 2934 PIVS.

1438 3061 1518 3118 In
1560 3056 1691 3118 hoc
1730 3073 1973 3117 nomen
2014 3052 2288 3116 Aurelio
2332 3069 2455 3137 per
2509 3050 2804 3134 adoptio-

1315 3181 1471 3224 nem
1507 3156 1820 3219 Antonini
1851 3155 1952 3216 Pii
1982 3155 2085 3236 jus
2120 3154 2385 3237 quidem
2427 3151 2588 3226 suit,
2646 3173 2808 3212 nun-

1315 3280 1509 3344 quam
1544 3270 1765 3319 tamen
1798 3256 1966 3318 illud
1998 3258 2060 3317 in
2099 3255 2239 3337 ejus
2273 3253 2407 3316 vivi
2428 3272 2810 3314 monumen-

1316 3362 1402 3421 tis
1433 3358 1715 3442 legitur,
1778 3373 1843 3421 at
1888 3360 1957 3419 in
2008 3357 2148 3439 ejus
2184 3353 2555 3418 consecrati
2593 3352 2809 3414 numia

1248 3451 1259 3460 .
1317 3461 1608 3525 occurrit
1663 3473 2073 3534 constanter,
2130 3469 2203 3519 ut
2244 3456 2563 3529 vidimus,
2630 3450 2809 3515 forte
3379 3476 3394 3486 ‘

1318 3539 1625 3645 quoniam
1666 3561 1791 3642 jam
1826 3573 2013 3620 antea
2045 3577 2319 3619 uxorem
2356 3573 2618 3638 quoque
2636 3572 2808 3615 mor·
3052 3536 3226 3595 ῙΜΡ·
3265 3537 3375 3596 HL
3420 3535 3733 3602 Aurelius
3759 3537 3829 3598 in
3880 3536 4096 3599 mamis
4131 3537 4420 3599 tribuna·

1320 3678 1491 3724 tuam
1524 3661 1739 3721 PIAM
1771 3658 2089 3741 appellari
2130 3656 2342 3719 voluit
2362 3698 2380 3731 ,
2422 3667 2498 3716 ut
2532 3653 2703 3715 infra
2741 3654 2809 3714 in
2922 3649 3027 3698 ωδ
3045 3635 3220 3697 XIX·
3245 3681 3261 3712 υ
3307 3637 3421 3720 qui
3449 3637 3658 3700 Currit
3691 3658 3840 3701 cum
3872 3660 4041 3701 anno
4074 3641 4154 3706 V·
4177 3640 4253 3703 C.
4274 3634 4418 3719 918,

1316 3763 1531 3824 numis
1548 3762 1755 3822 Divae
1774 3759 2118 3820 Faustinae
2139 3754 2544 3820 docebimus.
2590 3754 2805 3816 Etiam
2921 3735 3161 3799 dicitur
3190 3739 3367 3801 lMP·
3389 3739 3470 3800 11·
3509 3752 3576 3800 et
3602 3740 3712 3798 ΠΙ·
3772 3741 3958 3823 Ergo
4010 3736 4265 3801 fluente
4297 3738 4417 3798 hoc

1328 3866 1617 3927 Severus
1664 3882 1735 3923 se
1777 3874 1970 3930 [vocat
1997 3858 2205 3929 DIVI.
2243 3861 2335 3920 M.
2367 3859 2503 3918 ΡΠ.
2549 3851 2811 3918 Filium.
2923 3858 3091 3900 anno
3125 3838 3385 3901 iteravit
3431 3840 3608 3902 hunc
3643 3839 3987 3903 honorem·
4048 3841 4259 3905 Causa
4301 3837 4418 3898 ite-

1316 3966 1487 4031 Vide
1535 3963 1728 4045 hujus
1771 3981 2004 4023 numos
2048 3958 2131 4022 ad
2163 3980 2400 4023 annum
2436 3961 2515 4022 V,
2549 3958 2622 4019 C,
2661 3959 2807 4037 (ΜΒ,
2922 3961 3068 4001 rum
3106 3938 3386 4022 petenda
3423 3959 3508 4001 ex
3535 3939 3737 4003 lauris
3771 3940 4119 4004 Parthicis.

1319 4070 1558 4129 Parum
1596 4066 1799 4149 igitur
1817 4076 2135 4147 prospere
2154 4061 2441 4123 adseruit
2456 4060 2698 4142 Pagius
2731 4061 2813 4139 ·):
3053 4061 3230 4120 ΙΜΡ.
3254 4061 3369 4128 lV.
3398 4061 3612 4122 Parte
3657 4059 3881 4144 priore
3924 4058 4079 4122 trib.
4122 4072 4408 4144 potesta·

1317 4167 1768 4248 M.Aurelium
1805 4165 2047 4249 passim
2095 4164 2284 4224 Pium
2328 4162 2531 4224 fuisse
2562 4180 2810 4222 nuncu·
2923 4160 3009 4223 tis
3037 4161 3182 4222 XX.
3203 4203 3221 4235 ,
3267 4180 3432 4243 quae
3450 4159 3577 4222 fuit
3607 4159 3756 4222 anni
3789 4158 3869 4226 V.
3889 4160 3962 4224 C.
4001 4178 4125 4244 9¹9
4147 4204 4164 4235 ,
4204 4161 4412 4228 dictus

1318 4283 1537 4352 patum
1562 4310 1579 4340 ,
1622 4282 1821 4350 atque
1855 4263 2267 4327 istud-multis
2306 4263 2464 4326 viris
2510 4258 2812 4322 eruditis·
2926 4273 3028 4323 est
3072 4260 3284 4323 adhuc
3333 4264 3507 4324 lMP.
3554 4263 3667 4324 111.
3696 4304 3713 4337 ,
3758 4273 3823 4323 at
3866 4259 4219 4345 deinceps,
4260 4279 4407 4326 cum

1321 4361 1504 4429 simis
1560 4386 1691 4445 non
1747 4363 1951 4426 fuisse
2010 4365 2449 4444 observatum.
2527 4363 2808 4431 Vnicum
2926 4362 3209 4444 primum
3242 4360 3469 4425 titulos
3494 4366 3784 4426 Parthici
3813 4365 4128 4440 Maximi,
4172 4376 4244 4425 et
4289 4366 4412 4426 Me·

1443 4702 1504 4767 a)
1545 4695 1689 4753 Crit.
1721 4696 1935 4752 Baton.
1974 4694 2053 4752 ad
2073 4714 2205 4750 ann.
2235 4693 2379 4754 chr.
2414 4699 2542 4758 162.
2591 4699 2620 4768 §
2654 4706 2704 4760 3.
2854 4695 3114 4771 b)-Mus.
3148 4692 3366 4754 Veron.
3405 4715 3464 4771 p.
3502 4701 3627 4758 458.
3660 4708 3708 4757 7.
3858 4698 3917 4766 c)
3957 4693 4018 4751 in
4048 4669 4249 4752 Aurel.
4284 4714 4334 4752 c.
4367 4703 4414 4754 8-
