4652 5937
1058 406 1145 478 L.
1249 398 1919 477 SEPTIMIVS
2021 401 2580 520 SEVERVS.

220 588 349 652 sic
407 586 691 674 incipit,
737 599 804 650 et
844 585 1156 673 deinceps
1189 588 1622 652 continuatur.
1684 583 1771 647 At

230 691 569 753 nondum
619 690 742 754 hac
791 704 1002 755 aetate
1048 691 1364 775 scriptum
1401 689 1644 753 COSS.
1688 686 1770 747 ad

217 764 658 855 indicandos
712 788 1019 852 consules
1074 788 1260 854 duos.
1323 788 1498 851 Infra
1536 789 1615 851 ad
1661 809 1773 879 an·-

222 915 415 956 num
470 895 553 963 V.
609 893 683 954 C.
723 892 867 973 955.
927 890 1312 953 habebimus
1358 894 1473 958 AV
1479 866 1773 954 GVSTI.

230 993 463 1057 COS.
497 1015 592 1060 se.
642 995 929 1059 Severus
962 1008 1028 1059 et
1063 994 1416 1057 Caracalla.
1464 995 1537 1053 In
1570 1009 1771 1052 numo

230 1097 650 1163 caracallae
721 1093 805 1156 ad
859 1097 946 1162 V.
1014 1098 1088 1161 C.
1150 1096 1299 1177 958.
1383 1094 1561 1156 IMP.
1625 1094 1769 1154 ET.

237 1198 639 1260 CAESAR.
683 1197 885 1265 AVG.
930 1198 1129 1259 FILI.
1177 1197 1365 1260 COS.
1440 1192 1771 1256 Caracalla

230 1311 308 1360 et
355 1299 570 1361 Geta.
638 1301 709 1362 In
762 1298 975 1360 numis
1027 1297 1484 1382 Philipporum
1526 1294 1776 1377 aliquo-

242 1392 390 1463 ties
475 1400 590 1463 111.
648 1401 791 1460 ΕΤ.
865 1402 941 1465 11.
1035 1399 1224 1462 COS.
1356 1399 1442 1460 At
1510 1395 1770 1475 tandem

233 1500 317 1563 in
402 1522 615 1563 numo
672 1499 1070 1563 Diocletiani
1153 1499 1236 1562 ad
1299 1500 1381 1565 V.
1446 1499 1518 1560 C.
1588 1488 1768 1568 ιόίιο.

245 1596 916 1665 DIOCLETIANO.
935 1602 1205 1662 111.E'r.
1236 1599 1767 1679 MAXIMIANO.

242 1701 516 1767 Coss.
601 1705 691 1765 Et
749 1722 912 1765 vero
975 1702 1290 1786 scriptum
1347 1701 1588 1763 COSS.
1645 1720 1768 1783 pro

245 1805 467 1869 COS.
525 1803 594 1864 in
667 1803 1107 1866 marmoribus
1179 1804 1407 1868 saltem
1489 1807 1766 1871 sinceris

248 1919 422 1968 ante
484 1904 887 1968 Treboniani
956 1919 1253 1988 tempora
1307 1929 1443 1971 non
1501 1928 1770 1992 repere-

238 2021 410 2068 runt
473 2004 715 2068 eruditi
766 2020 1093 2072 veterum·
1127 2028 1529 2097 marmorum
1583 2029 1771 2074 enar·

236 2121 520 2172 ratores
550 2112 630 2191 ⁸).

760 2314 1003 2381 Eodem
1035 2332 1206 2374 anno
1229 2332 1252 2371 .·

440 2416 566 2478 ΤΒ.
613 2417 683 2477 Ρ.
733 2415 843 2475 VJ.
894 2415 1069 2477 COS.
1111 2416 1203 2475 11.
1248 2416 1426 2477 IMP.
1470 2417 1590 2478 xl.

389 2615 467 2676 ln
520 2615 767 2679 Arabas
809 2615 1362 2705 Mesopotamiae,
1427 2617 1603 2701 quod
1644 2617 1758 2680 Ni·

254 2735 457 2796 grum
483 2717 691 2800 copiis
710 2716 978 2799 juvere,
1025 2719 1456 2793 armaret-tit,
1500 2737 1764 2781 eorum-

250 2837 392 2900 que
438 2817 672 2879 urbem
696 2819 856 2881 Atra
910 2833 1278 2903 oppugnat,
1346 2818 1461 2881 sed
1504 2821 1763 2883 solveie

254 2915 679 2982 obsidionem
726 2939 803 2982 re
850 2920 1096 2984 infecta
1146 2921 1425 3006 cogitut.
1489 2923 1762 2999 lterum,

3219 435 3372 517 ‘172

1885 584 2046 650 thici
2077 587 2303 650 titulus
2335 589 2401 651 in
2421 588 2526 652 his
2572 604 2822 656 tantum
2859 595 3073 657 numis
3110 598 3377 680 legitur,

1889 686 2199 769 deinceps
2255 690 2610 769 reticetur,
2665 717 2802 779 quo
2856 696 3384 763 confirmaritvi-

1886 788 2079 851 detur
2136 792 2579 856 testimonium
2616 798 2939 879 Spartiani
2991 799 3382 879 adserentis‚

1883 889 2263 952 Parthicum
2316 912 2553 957 nomen
2634 918 2975 963 recusasse
3036 903 3378 977 Severum,

1887 1010 1971 1052 ne
2031 993 2313 1055 Parthos
2377 996 2769 1074 lacesseret,
2865 1015 2935 1063 ut
2991 1001 3235 1065 dictum
3304 1005 3389 1067 ad

1888 1112 2126 1154 annum
2199 1095 2281 1160 V.
2340 1098 2409 1158 C.
2476 1108 2621 1177 948.
2726 1104 2812 1162 At
2877 1123 3050 1163 nunc
3090 1118 3389 1171 remoto*

1891 1196 2163 1257 omnia
2231 1199 2496 1260 Parthis
2567 1215 2787 1278 metu,
2881 1224 3044 1286 quos
3109 1206 3390 1280 vicerat,

1888 1298 2183 1358 Parthici
2243 1320 2472 1360 nomen
2564 1302 2823 1382 pridem
2901 1303 3209 1366 collatum
3282 1329 3399 1367 au·-

1889 1393 2115 1458 dacter
2159 1401 2543 1477 resuscitat,
2614 1403 2911 1467 modeste
2969 1405 3036 1465 id
3070 1406 3380 1488 primum,

1886 1500 2031 1562 solo
2098 1502 2291 1561 PAR.
2349 1503 2564 1564 numis
2628 1504 2984 1589 inscripto,
3059 1526 3180 1589 pio
3244 1528 3391 1590 quo·

1881 1590 2107 1682 paullo
2153 1617 2305 1686 post
2338 1608 2704 1668 Parthicum
2749 1610 3110 1670 Max-mmm
3159 1627 3393 1691 super-

1881 1699 2028 1763 bius
2063 1722 2133 1764 se
2170 1705 2541 1787 appellavit.

2261 1910 2337 1969 V.
2390 1912 2448 1969 c'.
2492 1918 2638 1975 952.
2683 1912 2845 1971 RX.
2897 1908 3052 1983 199.Δ

1965 2008 2122 2087 ιΤΗ.
2162 2009 2237 2069 Ρ.
2289 2012 2436 2071 VII.
2486 2013 2660 2073 COS.
2705 2015 2793 2074 ΙΙ.
2837 2016 2908 2073 P.
2953 2017 3043 2074 Μ.
3088 2016 3153 2079 Ρ.
3198 2017 3275 2078 Ρ.
3389 2055 3396 2065 =

2458 2115 2636 2173 IMP.
2682 2116 2801 2174 XI.
3380 2153 3398 2178 -.

1872 2210 1951 2274 P.
1994 2211 2174 2272 Corn.
2219 2215 2511 2275 Anulino
2552 2215 2645 2275 11.
2668 2256 2687 2289 ,
2747 2217 2839 2276 M.
2880 2217 3140 2296 Aufidio
3180 2218 3378 2279 Fron·

2463 2323 2611 2376 tone
2646 2333 2778 2377 cos.

2023 2515 2402 2598 Spartianus
2449 2516 2545 2595 ⁰)=
2631 2493 2898 2579 Aestdte
2959 2523 3159 2600 {qitzar
3216 2526 3374 2598 jam

1872 2627 2145 2678 exeunte
2177 2616 2358 2696 (anni
2373 2616 2862 2699 praecedentis)
2914 2621 3243 2680 Parthiam
3278 2624 3392 2691 in—

1865 2736 2122 2803 qressus
2157 2722 2609 2796 Ctesiphontem
2632 2723 2824 2798 pulso
2856 2734 3012 2808 ’reqe
3057 2726 3374 2799 pervenit,

1879 2829 1945 2880 et
1974 2823 2142 2898 cepaet
2170 2822 2451 2911 hyemali
2475 2841 2674 2899 prope
2692 2831 3032 2899 tempore-
3072 2852 3099 2865 ·
3142 2832 3207 2882 et
3223 2826 3382 2883 Par-

1881 2923 2115 2982 ibicum
2150 2941 2378 2982 nomen
2409 2908 2663 2985 merefit.
2705 2923 2889 2985 Haec
2920 2922 3134 2986 omnia
3170 2924 3396 3002 conch,
3479 2983 3480 2986 ,

255 3024 384 3085 sed
418 3023 593 3087 forte
621 3022 889 3086 biennio
925 3021 1175 3098 serius,
1235 3023 1508 3085 eandem
1546 3038 1769 3087 reten-
1882 3040 2040 3103 gere
2096 3021 2160 3081 in
2214 3022 2448 3085 Severi
2493 3022 2826 3085 tribunatu
2881 3024 2995 3089 VI.
3074 3028 3160 3086 Et
3215 3046 3386 3090 vero

262 3138 359 3187 tat
389 3170 408 3199 ,
455 3125 613 3188 sed
594 3125 786 3188 irrito
814 3145 1074 3186 rursum
1108 3137 1344 3187 conatu
1375 3121 1462 3206 b).

833 3269 873 3303 st
1001 3226 1037 3263 ²}
1076 3275 1080 3284 '
1183 3269 1220 3305 ἃ
1452 3262 1459 3271 ’

560 3327 635 3387 L.
679 3328 858 3388 SEP.
897 3327 1319 3394 SEVERVS.
1343 3328 1538 3389 PER.
1559 3326 1762 3392 AVG.

557 3431 631 3489 P.
672 3429 764 3491 M.
788 3427 1101 3490 IMRXI.
1151 3433 1351 3509 Caput
1384 3433 1762 3490 laureatum.

259 3531 463 3594 PAR.
525 3530 661 3591 ΑΒ.
705 3530 843 3592 ΑΙ).
906 3531 1044 3590 TR.
1107 3531 1180 3590 Ρ.
1244 3531 1356 3598 VI.
1429 3529 1622 3602 COS.
1681 3530 1762 3589 11.

258 3633 339 3694 Ρ.
379 3633 455 3695 Ρ.
509 3636 859 3714 Tropaeum
894 3635 1060 3693 inter
1080 3636 1240 3692 duos
1268 3635 1555 3709 captivos
1589 3632 1764 3692 humi

262 3737 576 3795 sedentes.
623 3733 694 3792 In
716 3731 897 3792 aliis:
950 3735 1238 3794 Victoria
1251 3734 1579 3814 yradiens.
1621 3732 1762 3794 AR.

262 3834 470 3913 (Mus.
502 3834 717 3910 Caes.)

392 3934 710 3997 Severum
742 3932 871 4015 jam
908 3953 991 3996 ex
1038 3932 1261 4015 priore
1296 3931 1475 3994 beilo
1515 3929 1758 3995 dictum
1788 3989 1791 3994 .

264 4034 896 4111 fuisseARabicum,
944 4048 1011 4095 et
1030 4035 1547 4112 ADjabem'cum,
1593 4033 1757 4094 vidi-

259 4131 408 4196 mus
441 4135 510 4196 in
538 4135 752 4197 numis
786 4133 939 4198 anni
982 4136 1061 4201 V.
1102 4135 1173 4198 C.
1206 4133 1363 4216 948,
1409 4136 1567 4218 quin
1601 4137 1757 4201 etin

258 4236 480 4300 numis
496 4236 795 4320 ejusdem
808 4235 958 4297 anni
987 4234 1226 4298 dicitur
1242 4240 1578 4299 Parthicus
1592 4242 1761 4300 Ara-

265 4337 487 4413 bicus,
542 4338 883 4399 Parthicus
917 4341 1391 4414 Adiabenicus,
1455 4338 1572 4401 sed
1604 4341 1760 4401 Par-

341 4663 404 4734 a)
442 4657 661 4717 Marini
697 4661 852 4719 Frat.
889 4680 1011 4724 arv.
1052 4664 1265 4738 p.621.·

466 4751 647 4832 (Vol.
700 4752 878 4834 VII.)

1409 4661 1481 4736 b)
1518 4662 1653 4725 Dio.

1801 4667 1862 4739 c)
1906 4664 2050 4742 Cap.
2086 4676 2172 4727 17.

1878 3120 1950 3182 in
2006 3120 2177 3181 binis
2224 3122 2660 3184 marmoribus
2711 3126 2992 3207 repertis
3042 3125 3214 3209 apud
3276 3128 3394 3206 Si-²

1786 3243 1789 3248 ·
1881 3220 2156 3297 donem,
2220 3222 2432 3305 iisque
2460 3222 2591 3285 fide
2629 3225 2841 3311 dignis
2896 3225 3137 3287 dicitur
3176 3227 3380 3288 Seve-

1878 3344 1991 3383 rus
2037 3323 2492 3386 ARABICVS.
2531 3325 3137 3391 ADlABENICvS.
3175 3328 3386 3390 PAR-⁷

1880 3425 2221 3489 TfflCVS.
2272 3427 2695 3488 MAXIMVS.
2737 3425 2877 3488 TR.
2921 3428 2995 3487 Ρ.
3032 3428 3146 3491 Vl.
3194 3429 3374 3490 IMP.

1877 3528 1990 3590 XI.
2038 3526 2227 3591 COS.
2273 3527 2353 3586 11.
2394 3522 2477 3606 d).

1878 3642 2111 3690 statem
2142 3630 2254 3693 VI.
2293 3625 2696 3701 inscribunt,
2753 3627 2983 3688 saltem
3025 3648 3187 3712 quos
3242 3648 3388 3711 ego.

1877 3729 2125 3805 norim,
2185 3727 2360 3790 hunc
2434 3728 2644 3791 adhuc
2703 3727 2965 3788 titulum
3043 3728 3377 3791 omittunt.

2556 3525 2788 3601 Numi,
2835 3525 2949 3609 qui
2991 3526 3162 3609 'ribz
3191 3541 3373 3609 pote-

1838 3831 2133 3891 .lnterea
2186 3828 2453 3911 plurimi
2509 3841 2658 3889 sunt
2711 3830 2929 3904 numi,
2977 3830 3086 3913 qui
3131 3829 3372 3890 omissa

1877 3931 2241 3992 tribunatus
2287 3926 2620 3990 mentione
2675 3926 2963 3989 offerunt
3020 3931 3198 3993 ΙΜΡ.
3253 3935 3365 3992 XI.

1793 4034 1797 4037 ’
1868 4035 2123 4093 ΡΑΒΤ.
2170 4031 2381 4091 ΜΑΧ.
2469 4030 2632 4090 Cum
2667 4026 3067 4098 SEVERVS
3116 4030 3245 4113 jam
3296 4033 3364 4093 in

1869 4133 2201 4195 tribunatu
2217 4132 2331 4200 VI.
2360 4130 2570 4192 dictus
2606 4127 2807 4189 fuerit
2841 4130 3200 4213 imperator
3220 4134 3394 4218 XI...

1872 4255 2002 4296 non
2049 4247 2409 4317 repugnat,
2456 4231 2689 4293 horum
2727 4251 3073 4294 numorum
3106 4247 3384 4318 partem,

1872 4335 2002 4400 hoc
2035 4336 2295 4398 labente
2332 4333 2534 4397 fuisse
2565 4332 2881 4416 signatam
2902 4375 2924 4408 ,
2966 4344 3160 4417 atque
3194 4332 3397 4408 adeO,

2321 4661 2389 4733 d)
2427 4639 2709 4726 him-azoti
2751 4680 2884 4737 pag.
2904 4671 3082 4813 Ξοορ.
3122 4677 3170 4726 1.
3209 4651 3282 4730 2.
3393 4685 3398 4696 ¹
