4652 5937
1189 496 1195 502 -
1294 431 1459 531 'tt-66

1314 627 1386 694 in
1430 621 1738 686 miseram
1795 621 2182 711 servitutem
2240 620 2574 687 abstracti.
2655 622 2820 691 Vtut

1323 727 1487 801 erit,
1534 726 1835 790 collectis
1878 727 2206 789 exercitus
2255 724 2594 810 reliquiis,
2639 723 2816 807 quod

1316 848 1514 910 supra
1568 826 1830 890 modum
1887 828 2072 890 dives
2126 841 2335 903 esset,
2379 836 2455 888 'ac
2495 825 2595 888 rei
2646 827 2815 887 mili-

1315 928 1475 989 taris
1527 930 1907 1012 cumprimis
1962 950 2241 1013 gnarus,
2305 928 2430 990 etsi
2472 947 2596 1009 per
2644 941 2814 989 aeta-

1316 1043 1449 1091 tem
1484 1050 1560 1092 ac
1598 1031 1866 1091 morbos
1902 1030 2030 1111 jam
2063 1050 2295 1113 parum
2330 1029 2587 1092 validus
2619 1050 2817 1113 agen-

1313 1145 1383 1194 te
1428 1132 1674 1193 Balista
1734 1130 2048 1194 adversus
2094 1131 2473 1194 Gallienum
2534 1131 2814 1214 impera·

1316 1225 1426 1294 tor
1485 1232 1727 1295 dicitur
1793 1231 1949 1295 filiis
2017 1232 2352 1294 Macriano
2426 1244 2494 1293 et
2566 1231 2856 1325 Quieto·

1313 1334 1610 1418 conlegis
1642 1333 1898 1396 additis.
1956 1333 2178 1395 Rebus
2209 1333 2274 1393 in
2313 1332 2595 1395 Oriente
2640 1332 2813 1393 ordi·

1310 1436 1518 1510 natis,
1561 1436 1930 1518 relictoque
1982 1435 2076 1495 ibi
2131 1419 2434 1524 Quieto,
2472 1456 2598 1496 una
2658 1455 2805 1496 cum

1313 1537 1526 1615 altero
1574 1533 1714 1597 filio
1761 1536 1825 1596 in
1872 1533 2306 1598 Occidentem
2363 1549 2586 1597 movet
2632 1534 2807 1598 hunc

1314 1655 1580 1721 quoque
1621 1635 1744 1697 sibi
1781 1621 2227 1716 subjecturus,
2272 1636 2537 1719 jamque
2569 1637 2633 1696 in
2659 1636 2812 1717 llly-

1310 1720 1528 1800 ricum
1578 1749 2007 1818 pervenerat,
2099 1737 2276 1820 quod
2325 1751 2463 1798 tum
2514 1736 2806 1798 Aureolo

1313 1838 1562 1922 paruit,
1623 1858 1853 1899 rernm
1913 1838 2169 1901 collatis
2224 1860 2372 1901 cum
2429 1836 2558 1900 hoc
2602 1837 2808 1920 signis

1310 1940 1593 2003 inferior
1636 1941 1776 2023 ipse
1829 1960 1977 2003 cum
2009 1937 2162 2034 filio*
2193 1938 2587 2006 interficitur
2616 1942 2698 2009 V.
2732 1942 2805 2005 C.
2840 2006 2870 2025 Α,

1263 2050 1270 2055 ’
1318 2043 1482 2109 ιοι5
1514 2045 1595 2107 1².
1621 2043 1706 2107 X.
1736 2041 1881 2106 aba.

1673 2269 1874 2329 ,Numi
1916 2269 2417 2328 Macrianorum.

1434 2451 1545 2517 Ait
1586 2450 1956 2511 Bandurius
2005 2449 2103 2531 ⁸),
2176 2451 2432 2510 nullum
2478 2447 2692 2511 adhuc
2735 2446 2802 2508 in

1307 2553 1539 2617 oculos
1591 2574 1745 2616 suos
1778 2552 2135 2614 incurrisse
2177 2551 2493 2619 Macriani
2537 2552 2801 2619 nomine

1305 2654 1691 2737 insignitum
1754 2676 2059 2729 numum,
2122 2651 2254 2736 qui'
2290 2652 2370 2712 ad
2415 2649 2620 2713 filium
2668 2673 2800 2717 non

1303 2756 1707 2837 pertine-ret,
1755 2754 2061 2837 idemque
2094 2753 2216 2813 sibi
2256 2752 2571 2817 accidisse
2609 2757 2792 2814 te'sta·

1301 2858 1365 2919 ri
1407 2857 1768 2939 plerosque
1831 2855 1994 2915 alios
2057 2852 2477 2936 antiquarios.
2585 2856 2801 2915 Reve-

1304 2978 1383 3018 ra
1424 2955 1606 3015 numi
1648 2955 1966 3015 Macriani
2033 2973 2241 3037 usque
2288 2953 2485 3016 modo
2549 2954 2797 3037 cog‘niti

1296 3055 1554 3118 vultum
1612 3053 1972 3134 juvenilem
2037 3055 2387 3131 exhibent,
2456 3056 2568 3140 qui
2630 3055 2795 3119 adeo

1296 3154 1503 3240 patris
1532 3175 1680 3217 esse
1709 3175 1838 3215 non
1858 3170 2165 3239 possunt,
2211 3178 2407 3241 quem
2438 3158 2621 3237 senio
2655 3181 2801 3243 gra·

1229 3284 1238 3295 ⁸
1292 3257 1448 3321 νέω
1485 3254 1844 3339 prodidere
1892 3258 2212 3322 historici.
2303 3262 2393 3322 Et
2445 3282 2605 3322 vero
2652 3263 2796 3343 ipso

1294 3361 1427 3423 hoc
1461 3357 1601 3439 ejus
1634 3380 1980 3420 numornm
2018 3360 2288 3422 defectu
2324 3376 2544 3444 potest
2582 3361 2797 3427 videri

1295 3461 1659 3523 verisimile
1682 3504 1699 3532 ,
1745 3461 1921 3544 quod
1949 3461 2159 3522 refert
2195 3465 2481 3527 Zonaras
2515 3460 2612 3543 b)‚
2659 3465 2797 3525 Ma-

1297 3563 1593 3626 crianum
1651 3575 1928 3644 propter
1989 3560 2235 3625 adfecti
2296 3565 2483 3646 pedis
2547 3564 2796 3625 incom-

1292 3661 1489 3725 moda
1552 3660 1954 3724 detrectasse
2039 3685 2393 3746 purpuram
2420 3708 2436 3737 ‚
2515 3684 2789 3748 eamque

1294 3767 1557 3850 utrique
1577 3761 1715 3826 filio
1746 3762 2091 3846 largitum,
2138 3784 2286 3825 cum
2307 3786 2438 3846 quo
2470 3763 2613 3828 fere
2640 3786 2795 3828 con-

1240 3895 1262 3914 ·
1294 3869 1499 3953 spirat
1532 3870 1884 3951 Dionysius
1930 3870 2414 3932 Alexandrinus
2459 3866 2630 3950 apud
2662 3870 2795 3931 Eu·

1291 3970 1545 4033 sebium
1603 3972 1685 4052 0).
1775 3973 2013 4032 Narrat
2068 3970 2223 4053 quin
2278 3968 2475 4030 etiam
2516 3968 2793 4031 Trebel·

1287 4071 1454 4148 lius,
1501 4071 1940 4147 Macrianum,
1988 4090 2138 4133 cum
2174 4068 2256 4129 ad
2292 4068 2640 4151 imperium
2674 4088 2789 4152 pe-

1285 4185 1580 4248 teretur,
1628 4193 1975 4234 excusasse
2022 4184 2449 4245 senectutem,
2495 4170 2783 4246 morbos,

1212 4338 1218 4343 ,
1285 4273 1558 4358 curandi
1632 4274 1933 4355 corporis
2000 4274 2503 4344 necessitatem,
2564 4291 2783 4354 neque

1194 4421 1198 4429 .
1286 4386 1474 4441 antea
1509 4376 1957 4449 consensisse,
2005 4396 2194 4458 quam
2239 4372 2320 4435 ad
2355 4372 2635 4435 eundem
2666 4372 2783 4435 ho-

1283 4493 1518 4543 norem
1561 4491 1826 4537 vocatus
1856 4489 2033 4537 esset
2068 4488 2342 4557 uterque
2363 4474 2559 4544 filius.
2608 4474 2782 4569 Qua·

2522 435 3237 513 MACRIANVS.

2932 641 3011 684 ro
3040 642 3193 687 cum
3237 622 3406 686 nulli
3439 618 3616 705 ejus
3668 622 4077 687 haheantur
4122 625 4309 697 numi,
4343 629 4426 689 etsi

2933 725 3262 809 supersint
3300 727 3577 808 copiosi
3628 723 4000 802 filiorum,
4049 748 4173 787 non
4214 730 4421 790 obscure

2930 828 3305 910 colligimus
3327 871 3344 900 ,
3378 829 3842 888 Macrianum
3882 831 4177 911 patrem,
4208 830 4425 890 ututim·

2928 929 3186 1012 perium
3218 929 3701 1011 acceptaverit
3724 973 3744 1004 ,
3799 928 3876 988 id
3898 929 4082 990 forte
4114 927 4419 1014 magisfilio-

2928 1053 3073 1092 rum
3114 1052 3302 1093 causa
3346 1029 3614 1091 fecisse
3645 1075 3666 1102 ‚
3746 1043 3824 1090 et
3879 1049 4056 1112 quos
4094 1053 4127 1090 a
4167 1050 4240 1091 se
4258 1030 4418 1091 amoli-

2926 1146 3032 1193 tus
3072 1147 3172 1193 est
3205 1133 3495 1191 honones
3552 1130 3948 1212 publicos,
4015 1134 4163 1191 unis
4210 1133 4294 1191 his
4318 1151 4418 1213 per·

2927 1233 3203 1294 misisse.
3265 1236 3517 1293 Tamen
3566 1236 3633 1293 si
3681 1253 3875 1294 unus
3911 1245 4160 1292 tantum
4188 1231 4416 1292 exstatin

2923 1333 3142 1421 numis
3179 1335 3558 1411 Macrianus
3581 1379 3605 1409 ‚
3658 1335 3942 1394 -mirum
3966 1377 3984 1405 ‚
4028 1354 4151 1395 cur
4184 1332 4279 1393 hic
4302 1350 4416 1392 unus

2886 1496 2892 1505 ‚
2925 1435 3101 1494 varia
3136 1435 3200 1494 in
3242 1434 3375 1493 illis
3406 1435 3785 1517 praeferat
3829 1435 4133 1498 nomina.
4176 1437 4237 1494 In
4263 1432 4412 1494 numis

2925 1535 3390 1597 Alexandrinis
3429 1536 3587 1598 aliis
3626 1538 3947 1600 dicitur:
3999 1535 4086 1596 T.
4111 1528 4409 1594 duom

2923 1633 3526 1711 MAKPIANOC,
3647 1643 3860 1700 D‘tua
3924 1641 4192 1698 Fulvius
4243 1637 4405 1695 laniat

2926 1742 3338 1812 Macrianus,
3385 1739 3449 1799 in
3481 1740 3643 1800 aliis
3668 1761 3687 1800 ε
3738 1736 3861 1799 Μ.
3905 1739 4018 1800 vel
4054 1726 4401 1796 MA.‹l›oT.

2918 1824 3213 1900 ΜΑΚΡι
3226 1839 3349 1900 AN
3361 1839 3472 1902 oc
3492 1886 3510 1916 ‚
3579 1846 3701 1903 n·
3742 1844 4041 1901 Fulvius
4082 1839 4398 1899 Macram.

2920 1943 3024 2004 An
3056 1963 3221 2002 unus
3256 1941 3566 2026 idemque
3619 1943 3892 2004 eodem
3950 1954 4243 2021 tempore
4272 1949 4400 2017 prae-

2920 2063 3163 2104 nomen
3198 2043 3423 2105 habuit
3479 2049 3621 2106 Titi
3673 2058 3749 2105 et
3804 2043 4092 2105 Marci?
4171 2030 4391 2130 Quodsi
4512 2032 4516 2081 ἕ

2921 2144 3258 2206 audiamus
3297 2145 3766 2207 testimonium
3827 2145 3931 2208 cl:
3961 2140 4250 2213 Sestinii,
4287 2130 4395 2196 vidit

2919 2244 2980 2306 is
3014 2267 3281 2307 numum
3330 2247 3699 2323 Macriani,
3752 2266 3966 2333 quem
4003 2243 4171 2304 infra
4209 2233 4386 2300 descri-

2913 2345 3184 2423 bemus,
3233 2348 3299 2408 in
3338 2370 3467 2432 quo
3500 2351 3912 2411 Macrianus
3944 2346 4160 2428 capite
4184 2335 4384 2402 barbato

2921 2445 3294 2524 exhibetur.
3340 2449 3561 2541 Quare
3602 2450 4004 2521 existimat,
4052 2442 4378 2506 Macrianum

2917 2549 3258 2610 barbatum
3290 2551 3816 2614 existimandum
3851 2564 4121 2633 patrem
4144 2589 4160 2619 ,
4200 2540 4376 2603 imber·

2916 2650 3067 2710 bem
3091 2640 3438 2732 'filium.d).
3482 2651 3613 2713 Sed
3639 2654 3822 2714 haec
3852 2650 4075 2713 adhuc
4094 2639 4370 2708 admodum

2908 2752 3202 2827 incerta,
3248 2766 3319 2814 ut
3352 2752 3666 2814 continuo
3712 2753 4032 2826 dicetur,
4079 2763 4141 2811 et
4169 2758 4370 2824 exspec-

2915 2852 3456 2914 tandaealiorum
3490 2854 3849 2937 suppetiae
3884 2868 4251 2917 nummum,
4286 2836 4363 2922 qui

2919 2955 3260 3017 veritatem
3324 2955 3570 3018 certius
3615 2957 3984 3018 edoceant.
4078 2937 4362 3013 Observafl'

2913 3056 3107 3117 etiam
3146 3072 3476 3133 meretur,
3521 3080 3556 3119 a
3591 3060 3862 3120 Zonara
3912 3060 4065 3116 loco
4105 3066 4270 3130 supra
4296 3041 4361 3099 in·

2914 3156 3127 3218 dicato
3156 3169 3402 3219 tantum
3436 3155 3641 3220 filium
3672 3160 3813 3221 dici
3842 3159 4254 3220 Macrianum.
4280 3160 4358 3221 1¹³·

2911 3271 3079 3317 trem
3114 3271 3492 3322 constanter
3532 3266 3932 3323 Macrinum.
4018 3250 4203 3315 Numi
4235 3257 4352 3322 ergss

2909 3358 3225 3420 Macriani
3241 3362 3503 3424 nomine
3523 3362 3833 3445 inscripti
3855 3371 4009 3422 suut
4027 3375 4135 3435 seq
4146 3357 4349 3409 uentesss

3305 3584 3683 3643 Macrianus
3729 3587 3992 3645 Caesar.

3194 3718 3727 3833 MA'cmANVS.
3798 3759 4093 3830 Nossu..
4153 3742 4337 3814 CAES-

3183 3868 3388 3944 Caput
3424 3854 3771 3932 radiatum.

2905 3965 3189 4028 F1DES.
3223 3968 3632 4035 MILITVM.
3673 3975 3831 4033 Tria
3851 3971 4037 4048 aiyna
4055 3947 4332 4021 militaria»

2904 4069 3044 4132 AB.
3089 4072 3357 4151 (Haym.
3396 4074 3473 4152 T.
3510 4071 3557 4133 1.
3594 4070 3724 4132 tab.
3764 4067 3866 4155 aq.
3900 4090 3963 4127 n.
3997 4063 4087 4143 7.)

3260 4241 3638 4300 Macrianus
3667 4240 4018 4320 Λυρκείας.

3182 4357 3358 4436 mr.
3398 4374 3467 4435 e.
3515 4375 3711 4442 FVL.
3749 4355 4232 4439 MAcmAst-
4266 4346 4327 4407 P·

3178 4474 3257 4539 F.
3294 4477 3493 4541 AVG.
3543 4478 4106 4562 Capatpradiamm·

1219 4629 1221 4631 ,
2431 4625 2488 4639 ,,
2538 4592 4305 4645 ——-.——-——.--...----··’.

1349 4692 1417 4762 a)
1456 4688 1593 4767 1²⁸3·
1629 4697 1756 4750 22⁷1.
1867 4683 1937 4756 b)
1977 4683 2043 4739 L.
2074 4683 2200 4744 XII.
2245 4703 2294 4740 c.
2337 4691 2423 4745 24.
2536 4687 2597 4754 c)
2641 4684 2710 4739 11.
2740 4683 2805 4741 E.
2837 4683 2902 4740 L.
2940 4684 3068 4741 Vn.
3112 4704 3160 4740 c.
3198 4698 3299 4745 10:
3397 4656 3466 4758 d)
3506 4685 3736 4744 Lettere
3775 4648 4056 4755 Tssva.
4090 4678 4196 4735 132.
