4652 5937
1026 516 1110 587 L.
1224 508 1873 587 SEPTIMIVS
1974 487 2542 591 SE'VERVS.

241 699 554 787 perstitit.
603 698 752 762 Hoc
790 696 1178 774 interfecto,
1224 712 1294 762 et
1332 698 1746 761 Iulianosuc-

245 822 512 866 cessore
546 823 676 887 per
719 802 1092 886 provincias
1129 820 1331 863 exoso
1370 820 1744 883 repugnans
1832 853 1839 860 .

244 930 277 970 a
321 907 455 969 auis
503 906 873 988 imperator
925 904 1325 966 acclamatur
1375 901 1546 984 apud
1593 902 1748 963 Car-

240 1022 512 1071 nuntum
549 989 651 1089 a).
696 1005 1000 1068 hainao
1032 1004 1236 1092 igitur
1277 1003 1588 1068 caerim-
1614 1005 1747 1064 no-

242 1131 412 1172 mam
449 1108 732 1187 itinere‚
797 1109 976 1187 (n'am
1009 1106 1556 1189 praevertendum
1598 1117 1740 1164 erat

241 1210 615 1275 Pescennio
638 1255 655 1286 ‚
723 1231 916 1294 quem
956 1210 1209 1272 interea
1247 1207 1488 1271 Oriens
1526 1205 1742 1287 Augu-

247 1326 412 1374 stum
448 1312 650 1392 dixit)
693 1311 1018 1393 neglectis
1050 1310 1319 1384 Iuliani,
1362 1328 1438 1370 ac
1479 1319 1739 1368 senatus

250 1413 477 1489 minis,
570 1436 608 1475 a
674 1414 910 1497 quibus
961 1413 1284 1494 judicatus
1351 1408 1557 1471 hostis
1618 1419 1740 1480 est,-

251 1515 423 1578 caesi
455 1515 831 1577 Pertinacis
877 1534 946 1577 se
989 1514 1232 1597 ubique
1283 1508 1609 1586 vindicem
1649 1506 1746 1567 se-

253 1638 435 1693 rens,
500 1638 655 1679 cum
724 1617 794 1676 in
840 1628 1262 1699 conspectum
1312 1609 1493 1674 urbis
1544 1606 1743 1680 venit,

255 1717 414 1779 adeo
445 1739 765 1800 praesens
789 1731 1009 1801 patres
1041 1713 1401 1798 perterruit
1421 1757 1439 1790 ,
1484 1723 1558 1773 ut
1592 1727 1744 1768 mox

260 1817 555 1881 abdicato
587 1821 845 1884 Iuliano
868 1864 885 1895 ‚
932 1831 998 1879 et
1031 1815 1297 1899 dilapsis
1333 1834 1457 1898 per
1499 1824 1772 1904 metum¹

258 1920 695 2001 praetorianis
746 1921 830 1983 ad
875 1939 1106 1982 necem
1152 1915 1382 1979 adacto
1428 1909 1746 1974 Kalendis

263 2024 392 2083 lun.
416 2065 434 2096 ‚
491 2034 607 2084 aut
646 2022 756 2083 die
780 2021 1083 2103 proximo
1118 2020 1199 2086 V.
1236 2020 1308 2090 C.
1343 2014 1466 2096 946
1519 2005 1748 2074 o'mnea

263 2140 404 2183 eum
438 2121 506 2182 in
540 2122 709 2184 urbe
748 2120 1013 2185 ordines
1043 2121 1511 2204 imperatorem
1551 2133 1751 2197 agno·

266 2237 538 2296 tuerent.
638 2222 883 2304 Pagina
932 2222 1079 2284 idus
1132 2220 1399 2304 Apriles
1463 2216 1746 2279 natalem

265 2323 518 2408 imperii
551 2325 791 2390 Severi
816 2322 1151 2386 constituit
1183 2319 1270 2402 b).

607 2533 686 2592 V.
735 2531 799 2591 C.
841 2535 990 2593 946.
1032 2531 1106 2588 P.
1149 2530 1232 2590 Χ.
1284 2532 1423 2590 193.

409 2631 529 2690 ΤΒ.
563 2631 758 2693 ΡΟΤ.
793 2632 972 2692 COS.
1008 2631 1205 2691 DES.
1238 2630 1328 2689 11.
1355 2627 1532 2689 IMP.
1555 2625 1611 2685 Ι.

281 2732 346 2804 Q.
388 2731 577 2793 Sosio
627 2733 905 2792 Falcone
926 2773 943 2805 ‚
1006 2732 1069 2791 C.
1110 2731 1282 2791 Iulio
1341 2729 1581 2788 Erucio
1622 2742 1754 2785 coe.

390 2932 717 2995 Auctores
751 2930 970 2996 caedis
987 2929 1349 2995 Pertinacis
1367 2940 1581 2991 morte
1597 2924 1761 2987 mul·
1827 2941 1832 2942 ⁷

284 3045 404 3107 tat,
448 3034 695 3096 accitos
731 3053 816 3095 ex
865 3034 1031 3097 urbe
1064 3032 1514 3118 praetorianos
1560 3026 1763 3092 occisi

286 3133 673 3211 Pertinacis,
750 3149 817 3196 et
865 3134 1117 3198 venditi
1189 3124 1440 3196 Iuliano
1499 3127 1763 3212 imperii

286 3252 426 3297 reos
476 3236 677 3297 armis
705 3234 980 3318 spoliat,
1012 3225 1111 3296 'et
1148 3237 1216 3296 in
1256 3234 1524 3296 exilium
1560 3230 1761 3314 ejicit.

287 3333 622 3417 Magnifice
664 3338 1015 3413 comitatu,
1077 3337 1250 3399 inter
1278 3336 1522 3398 faustas
1556 3332 1764 3395 accla-

290 3438 589 3498 mationes
625 3436 860 3498 urbem
894 3437 1286 3522 ingreditur.
1332 3433 1636 3501 Clodium
1653 3432 1765 3494 Al-

288 3534 498 3599 binum
548 3538 931 3602 Britanniae
959 3538 1377 3600 Praefectum
1415 3539 1762 3621 Caesarem

293 3638 581 3719 appellat.
669 3634 962 3701 Provisis
1005 3639 1206 3701 rebus
1251 3635 1554 3700 omnibus
1594 3636 1765 3696 intra

291 3738 688 3822 trigesimum
738 3740 951 3816 diem,
1015 3760 1204 3823 quam
1238 3742 1516 3800 Romam
1569 3755 1768 3799 vene·

293 3854 417 3916 rat,
460 3839 884 3902 inorientem
920 3840 1000 3902 ad
1027 3840 1556 3923 persequendum
1582 3839 1764 3903 bello

300 3939 560 4025 Nigrum
591 3940 1039 4028 proficiscitur
1071 3940 1152 4021 c).
1583 3928 1590 3937 ’

301 4142 368 4202 Α.
558 4147 732 4206 ῙΜΡ.
765 4142 1059 4210 CAE.L.
1083 4144 1266 4207 SEP.
1305 4142 1764 4210 SEV.PER'1·.

564 4244 767 4333 AVG.
867 4250 1068 4326 Caput
1096 4251 1476 4331 laureatum·
1503 4250 1575 4308 iu
1621 4251 1764 4309 AV.

567 4351 705 4409 AR.
739 4350 1065 4410 radiatum
1098 4352 1169 4410 in
1202 4352 1342 4409 ΑΕ.
1379 4351 1468 4409 ΙΙ.

305 4447 373 4505 Β.
562 4450 742 4512 mr.
814 4436 1054 4510 CAES.
1117 4450 1200 4513 L.
1270 4446 1516 4510 SEPT.
1577 4447 1767 4515 SEV.

340 4683 431 4777 ‚⁰
469 4680 655 4759 Spart.
701 4704 750 4741 c.
783 4693 836 4746 5.

317 4777 441 4826 itan.

585 4774 652 4847 d)
696 4774 933 4852 Sylloge
967 4771 1012 4830 Ι.
1050 4790 1111 4848 p.
1148 4782 1270 4836 103.

967 4682 1037 4754 ι»)
1079 4682 1280 4742 critic.
1320 4682 1387 4742 T.
1429 4682 1472 4742 1.
1511 4704 1572 4761 p.
1608 4690 1728 4746 ιω.
1760 4691 1879 4756 189.

3084 516 3092 526 ’
3208 529 3345 607 162

2144 702 2402 764 PER'P.
2440 703 2639 772 AVG.
2675 704 2849 768 lMP.
2890 706 2941 766 1.
2991 709 3190 786 Caput
3214 712 3355 771 lau-

2145 815 2395 865 reatum
2427 809 2495 864 in
2533 810 2673 866 ΑΕ.
2710 810 2764 866 I.

1863 904 1938 967 c,
2141 906 2221 966 L.
2293 906 2538 970 SEPT.
2590 908 2783 974 sEv.
2839 909 3097 972 PERT.
3147 912 3348 975 AVG.
3472 983 3479 990 N

2145 1005 2324 1065 lMP.
2369 1008 2418 1068 1.
2470 1011 2672 1088 Caput
2716 1015 3074 1074 laureatum
3113 1017 3184 1096 ²⁶7²
3214 1019 3350 1075 AB.

1853 1105 1938 1169 D.
2138 1107 2315 1169 IMP.
2346 1108 2535 1170 CAE.
2570 1112 2643 1171 L.
2670 1113 2850 1173 SEP.
2887 1116 3071 1180 SEV.
3092 1117 3351 1175 PER'r.

2139 1209 2343 1313 AYG.
2389 1208 2577 1273 COS.
2626 1215 2674 1275 1.
2757 1218 2957 1293 Caput
2997 1218 3353 1279 laureatum

2143 1313 2216 1372 in
2240 1314 2384 1372 AV.
2413 1323 2478 1375 et
2509 1316 2648 1376 AB.

1986 1513 2651 1576 Animadvertendum
2683 1516 2765 1578 ad
2783 1539 3035 1593 numoa‚
3083 1518 3193 1601 qui
3220 1520 3354 1602 pri·

1817 1614 1984 1686 ,mis
2035 1616 2265 1710 Sereri
2311 1615 2493 1675 annis
2545 1616 2682 1679 ssati
2733 1631 2917 1695 sunt,
2976 1611 3355 1702 complures

1863 1735 1946 1778 ex
1974 1715 2077 1777 his
2113 1735 2258 1777 esse
2287 1716 2574 1777 fabricae
2610 1717 2934 1794 rudiori8‚
2998 1735 3064 1781 et
3102 1721 3357 1803 epigra-

1860 1818 2038 1899 phen
2083 1837 2278 1900 saepe
2323 1819 2605 1884 luxatam
2653 1819 2933 1895 offerre,
2982 1821 3076 1904 sic
3110 1835 3182 1883 ut
3230 1842 3356 1905 pro

1862 1920 2121 1978 PERT.
2167 1938 2296 1979 non
2348 1940 2500 1980 raro
2547 1922 2860 1982 PERC'P.
2892 1921 3182 1997 PRTE„
3247 1935 3358 1984 aut

1865 2018 2059 2080 aliter
2092 2019 2374 2101 legatur.
2444 2020 2770 2111 Quocirca
2804 2020 3085 2084 dubitari
3107 2023 3355 2106 nequit,

1866 2139 1982 2182 eos
2025 2119 2267 2182 alicubi
2308 2133 2491 2181 extra
2535 2121 2765 2181 urbem
2809 2141 2954 2183 esse
2985 2142 3356 2206 percussos.

1866 2221 2182 2302 Ejusdem
2215 2221 2393 2283 modi
2411 2235 2558 2282 sunt
2585 2223 2778 2284 etiam
2802 2224 3154 2304 synchroni
3177 2223 3358 2285 numi

1868 2311 2241 2384 caracallae
2265 2366 2281 2396 ‚
2346 2335 2412 2383 et
2445 2319 2603 2383 item
2644 2325 2942 2386 Domnae
2966 2370 2983 2400 ‚
3041 2325 3157 2387 sed
3193 2346 3359 2407 quos

1870 2435 2121 2484 constat
2143 2423 2337 2486 etiam
2356 2468 2373 2499 ‚
2404 2424 2632 2508 primis
2655 2427 2887 2488 Severi
2915 2428 3099 2489 annia
3117 2426 3357 2488 malleo

1868 2519 2073 2584 fuisse
2108 2521 2471 2602 subjectos,
2523 2538 2594 2587 ut
2626 2525 2902 2593 dicetur.

2426 2670 2465 2708 ue
2592 2626 2633 2663 ⁴⁵
2758 2671 2798 2709 ι

2167 2731 2250 2790 Vt
2287 2731 2383 2790 lit.
2418 2734 2501 2792 Α.

1871 2827 2340 2921 AEQVITAS.
2378 2832 2455 2892 11.
2504 2835 2736 2894 Mulier
2753 2842 2929 2893 stam
2943 2838 3005 2893 d.
3028 2835 3360 2908 bilancem,

1876 2952 1926 2992 a.
1962 2935 2406 3011 cornucopiam.
2451 2935 2592 2997 AR.
2637 2936 2838 3018 (Mus.
2877 2936 3060 2999 Caes.
3098 2949 3166 2997 et
3195 2954 3364 2999 com.

1879 3031 1963 3115 de
1998 3030 2268 3114 Vitzai.)
2813 3080 2825 3114 )

1994 3133 2408 3218 Singularem
2420 3137 2595 3200 hunc
2610 3158 2875 3200 numum
2898 3138 3052 3199 olim
3069 3137 3248 3199 edidi
3280 3134 3366 3215 (ἶ).

1882 3231 2104 3296 Offert
2139 3222 2208 3295 ¹is
2247 3237 2658 3320 Aequitatem
2703 3240 3016 3321 perinde,
3077 3260 3153 3302 ac
3205 3240 3369 3301 libe·

1877 3334 2200 3396 ralitatem
2255 3355 2378 3417 per
2420 3358 2731 3400 numeros
2788 3340 3148 3423 digestam,
3193 3341 3369 3424 quod

1877 3453 2094 3518 neque
2113 3435 2543 3498 Mediobarbo
2562 3482 2578 3511 ‚
2623 3459 2837 3522 neque
2871 3440 3224 3507 Vaillantio
3245 3441 3372 3502 fuit

1880 3534 2320 3599 observatum.
2381 3539 2630 3604 Verum
2673 3539 2816 3623 quis
2864 3540 2948 3600 sit
3000 3539 3369 3622 duplicatae
3448 3551 3460 3560 “

1879 3636 2073 3717 hujus
2123 3638 2486 3722 Aequitatis
2518 3659 2786 3715 sensuS,
2832 3660 2964 3701 non
3019 3640 3370 3723 adsequor.

1879 3737 2094 3799 Etiam
2162 3740 2333 3801 alter
2397 3744 2575 3802 cum'
2610 3740 2839 3803 eadem
2907 3760 3131 3803 aversa
3156 3785 3172 3813 ‚
3252 3738 3369 3800 sed

1881 3839 2200 3915 Domnae‚
2232 3855 2442 3903 exstat
2469 3840 2537 3901 in
2576 3862 2802 3904 museo
2823 3843 3165 3916 Caesare0‚
3194 3852 3369 3901 nter·

1880 3957 2009 4023 que
2047 3938 2550 4022 integerrimus,
2596 3942 2713 4003 sed
2740 3941 3373 4011 fabricaetrudioris,
3500 3936 3529 3962 ‘⁸

1881 4043 2091 4129 qualis
2130 4038 2423 4103 dixeram
2453 4062 2598 4106 ease
2633 4063 2864 4106 numos
2891 4042 3120 4124 primis
3139 4043 3374 4105 Severi
3484 4061 3497 4065 ’

1884 4145 2067 4209 annia
2103 4143 2419 4227 signatos.

2613 4243 2652 4280 Ι

2775 4287 2815 4327 ἦ

2173 4351 2258 4407 Vt
2296 4349 2394 4407 lit.
2421 4286 2503 4406 J.
2554 4348 2660 4407 vel
2681 4348 2755 4405 B.

1881 4449 2143 4510 FIDEI.
2174 4446 2376 4511 LEG.
2422 4450 2562 4507 TR.
2596 4447 2669 4508 Ρ.
2707 4444 2894 4507 COS.
2936 4446 3172 4507 Mulier
3198 4456 3379 4519 stages

2021 4683 2082 4754 c)
2121 4678 2233 4739 nio
2265 4679 2331 4737 L.
2361 4678 2626 4737 Lxxlv.
2667 4681 2716 4751 §-
2748 4690 2802 4739 1.
2840 4642 3161 4736 Herodian.
3198 4676 3376 4753 spar-
