4652 5937
1275 425 1433 519 ‘22⁹'

1285 606 1816 702 quodammodo'
1875 612 2299 686 componeret
2352 596 2433 678 ⁸).
2561 598 2778 659 Docet

1284 718 1504 790 etiarn,
1530 714 1704 775 hunc
1729 709 1925 771 fnisse
1942 704 2231 766 habitum
2254 715 2607 763 statuarum
2629 699 2778 759 Ate·

1270 816 1538 891 xandri,
1603 828 1674 875 ut
1729 830 1960 872 revera
1999 806 2150 866 illae
2202 804 2429 864 saltem
2469 813 2776 883 respectu

1285 918 1566 984 cervicis
1588 887 2319 979 inflexaecori'sentiunt,
2337 904 2512 987 quali
2531 917 2626 964 est
2644 902 2777 963 exi-

1280 1021 1409 1096 mia
1451 1020 1592 1101 ejus
1624 1028 1926 1099 protome
1960 1027 2325 1074 marmorea
2365 1005 2427 1066 in
2449 1017 2778 1088 praestan.

1282 1121 1539 1184 tissimo
1569 1135 1795 1178 museo
1830 1115 1926 1174 Μ.
1955 1107 2180 1169 Ducis.
2230 1109 2394 1169 Cum
2427 1108 2667 1179 numis,
2711 1120 2776 1166 et

1272 1222 1552 1289 -Victore
1607 1215 1979 1297 conspirant
2028 1210 2221 1271 etiam
2274 1198 2637 1279 marmora,
2686 1209 2780 1268 in-

1283 1337 1387 1385 ter
1446 1341 1612 1405 quae
1687 1313 2151 1383 memorabile,
2241 1310 2418 1393 quod
2485 1310 2778 1391 vulgarit

1282 1424 1634 1487 Fabi-ottus
1685 1418 1783 1497 Ὃς
1871 1414 2207 1476 MAGNO.
2287 1409 2464 1472 IMP.
2537 1412 2776 1471 CAES.

1277 1532 1373 1590 M.
1405 1520 1822 1589 AVREIAO.
1847 1538 1851 1543 ·
1876 1513 2361 1576 ΑΝΤΟΝΙΝΟ.
2408 1513 2777 1576 AVGVS'I'.

1275 1628 1501 1690 etc.1n
1524 1624 1649 1684 alio
1673 1619 1837 1701 apud
1857 1614 2283 1676 Muratorium
2321 1613 2400 1690 (ᾖε
2427 1613 2778 1674 ACCENS.
2814 1642 2829 1653 -

1282 1729 1456 1793 VEI.
1504 1723 1706 1802 (forte
1729 1721 1952 1792 VEL.)
1993 1717 2255 1776 FLAM.
2277 1717 2480 1778 mvl.
2501 1715 2775 1776 MAGN.

1285 1825 1655 1895 ANTON.‚
1741 1821 1804 1880 in
1864 1838 1992 1902 quo
2062 1815 2263 1887 hahes
2324 1830 2393 1877 et
2448 1816 2777 1877 flaminem

1280 1927 1423 1990 divi
1460 1922 1853 1987 caracallae.
1923 1921 1994 1979 In
2035 1916 2405 2001 fragmento
2440 1919 2776 1978 Arvalium
2827 1953 2841 1963 ·

1282 2021 1533 2091 Romae
1612 2044 1825 2106 nuper
1896 2033 2163 2102 reperto
2243 2019 2485 2081 dicitur
2546 2020 2780 2098 Elaga-

1280 2130 1469 2191 balus
1527 2124 1740 2190 DIVI.
1813 2122 2022 2185 MAG.
2081 2120 2527 2183 AN'l'ONth.
2610 2122 2774 2180 Fu..

1279 2229 1590 2313 Denique
1636 2226 1878 2286 Paulus
1932 2224 1978 2282 1.
2037 2223 2108 2282 C.
2153 2218 2250 2283 tit.
2287 2223 2408 2308 ΠΙ.
2468 2220 2548 2281 de
2597 2222 2778 2282 adul-

1278 2330 1491 2392 terio:
1557 2333 1832 2406 Maynus
1882 2328 2247 2385 Antoninus
2301 2327 2587 2402 pepercit
2643 2327 2774 2398 eia,

1281 2434 1398 2515 qui
1432 2432 1756 2492 adulteros
1803 2428 2156 2487 inconsulto
2201 2428 2413 2486 calore
2458 2427 2634 2486 ducti
2680 2430 2778 2486 in—

1294 2534 1691 2609 terfecerunt.
1741 2527 1993 2621 Quibus
2033 2526 2196 2586 adde
2234 2525 2392 2586 duas
2437 2526 2773 2609 columnas

1280 2631 1652 2702 minim-ias,
1746 2629 1811 2688 iu
1890 2627 2122 2710 quibus
2181 2625 2607 2708 Elagabalus»,
2709 2641 2777 2689 et

1284 2732 1662 2800 Alexander
1714 2731 1864 2791 Sev.
1921 2728 2226 2788 dicuntur
2262 2729 2464 2791 DIVI.
2501 2727 2776 2790 ANTO-

1282 2836 1490 2896 NINt.
1529 2832 1738 2892 MAG.
1779 2829 1896 2889 filii
1931 2828 2014 2903 d).
2092 2825 2272 2889 Hae‘c
2303 2830 2681 2890 testimonia
2719 2829 2773 2890 si

1283 2947 1433 2996 ante
1472 2931 1720 2994 ‘oculos
1764 2929 2097 2991 habuisset
2143 2929 2575 3004 Mu1·atoriu3‚
2643 2949 2808 2992 non,

1288 3055 1446 3096 sane
1479 3033 1868 3095 solicitasset
1907 3030 1972 3089 in
2000 3028 2263 3091 laudato
2297 3050 2415 3091 suo
2448 3051 2775 3091 marmore

1281 3120 1673 3196 vocabulum
1705 3130 1998 3205 MAGN„
2044 3152 2191 3192 cum
2227 3152 2348 3214 pro
2388 3131 2514 3192 hoc
2551 3134 2775 3213 legen·

1286 3235 1460 3307 dumv
1492 3234 1790 3307 MARc.‚
1854 3247 1920 3294 et
1955 3232 2238 3314 intelligi
2287 3235 2377 3293 M.
2432 3234 2782 3296 Aurelium,

1285 3336 1683 3397 Antoninum
1719 3337 1781 3396 in
1818 3334 2105 3415 subjecta
2143 3346 2293 3393 nota
2330 3332 2773 3417 profiteretur.

1287 3441 1597 3500 Ceterum
1655 3436 1736 3499 de
1801 3437 2026 3496 insano
2082 3433 2456 3496 caracallae
2502 3436 2569 3495 in
2623 3439 2775 3499 Ale-

1282 3539 1601 3600 xandrum
1655 3542 1749 3600 M.
1785 3535 2046 3597 adfectu
2088 3533 2499 3599 incredibilia
2551 3549 2773 3600 narrat

1274 3640 1410 3702 Dio
1442 3638 1541 3717 θ),
1613 3639 1920 3698 nimirum
1979 3636 2354 3717 complures
2407 3638 2469 3698 ei
2531 3653 2771 3703 statuas

1268 3735 1429 3803 ¹cum
1460 3728 1796 3813 incastris,
1830 3752 1963 3799 tum
1986 3735 2148 3797 urbe
2170 3735 2552 3818 collocasse,
2598 3764 2773 3805 com·-

1280 3862 1544 3924 parasse
1591 3840 1982 3925 phalangem
2034 3838 2263 3900 decem
2323 3854 2391 3901 ct
2446 3863 2561 3905 sex
2626 3846 2769 3905 mil.

1279 3944 1444 4005 lium
1500 3964 1581 4005 ex
1649 3941 1808 4003 solis
1874 3940 2343 4004 Macedonibus
2394 3942 2767 4020 conflatum,

1282 4066 1433 4107 eum
1490 4042 1901 4108 orientalem
1952 4041 2317 4125 Augustum
2381 4046 2770 4128 appellasse,

1279 4161 1353 4209 et
1382 4146 1726 4229 scripsisse
1764 4143 2109 4228 aliquando
2138 4142 2221 4204 ad
2257 4160 2574 4222 senatum,
2606 4142 2772 4209 vAle-

1282 4247 1598 4309 xandrum
1635 4246 1702 4307 in
1756 4268 1939 4308 suum
1978 4245 2179 4327 ipsius
2221 4268 2459 4331 corpus
2509 4269 2768 4309 rursum

1284 4348 1683 4410 subintrasse
1731 4361 1860 4411 etc.
1919 4347 2020 4408 Ad
2051 4347 2211 4410 haec
2253 4362 2530 4411 testatur
2557 4351 2770 4414 Hero·-

1355 4581 1418 4647 a)
1457 4577 1570 4632 Dio
1600 4577 1665 4631 L.
1705 4574 2009 4640 LXXVII..
2037 4583 2087 4650 ᾗ.
2126 4591 2209 4637 11.

1293 4669 1363 4728 Τ.
1385 4665 1557 4727 XXI.
1600 4688 1657 4743 p.
1691 4681 1779 4732 70·
1813 4682 1864 4733 7.

2012 4671 2073 4741 e)
2114 4670 2177 4726 L.
2217 4669 2518 4733 LXXVII.
2558 4674 2606 4747 Β,
2635 4686 2688 4737 7.

2358 4578 2428 4650 h)
2470 4581 2597 4640 Col.
2625 4585 2784 4659 Traj.
2824 4605 2883 4660 p.
2917 4588 3043 4646 286.

2456 409 3192 490 CARACALLA.

2886 596 3123 658 dianus
3181 616 3463 661 coaevus
3497 595 3593 679 f),
3655 595 3903 658 vidisse
3961 615 4047 658 se
4100 594 4408 679 imagines

2890 698 3239 758 nonnullas
3299 698 3580 762 ridicule
3625 698 3967 780 depictas),
4062 719 4241 782 quae
4291 717 4409 758 nno

2892 818 3174 881 corpore
3243 798 3400 860 duas
3449 799 3649 862 facies
3702 801 4190 881 praeferrent,
4271 796 4413 860 Ale-

2891 899 3157 975 xandri,
3203 914 3272 962 et
3308 898 3702 964 caracallae.
3750 901 3900 995 Quo
3942 899 4412 981 cognito-ejus

2892 1002 2958 1061 in
2993 1015 3284 1064 veterem
3331 1002 3505 1063 hunc
3543 1022 3771 1085 regem
3809 1003 4103 1064 adfectu
4157 998 4412 1061 cudisse

2890 1104 3286 1167 Macedonas
3318 1124 3551 1165 numos
3586 1123 3826 1165 aeneos
3863 1124 4027 1164 cum
4048 1101 4416 1164 Alexandri

2893 1206 3212 1290 imagine,
3274 1203 3412 1265 dixi
3458 1204 3525 1275 in
3573 1204 3785 1266 numis
3835 1204 4251 1270 Rern-haeae
4287 1207 4413 1265 Ma-

2895 1306 3251 1381 cedoniae,
3327 1298 3457 1390 quo
3519 1306 3669 1367 loco
3724 1306 3915 1389 plura
3990 1307 4150 1370 huc
4217 1303 4408 1389 perti·

2894 1408 3114 1470 nentia
3149 1423 3368 1471 notata
3398 1408 3718 1494 reperies.

3177 1651 3377 1714 Numa·
3402 1651 3731 1710 commatis
3757 1651 4129 1729 per-cyrini.

3015 1816 3231 1898 Hujus
3281 1813 3542 1898 generis
3592 1811 3838 1875 infinita
3875 1826 3977 1875 est
4023 1810 4239 1895 copia
4277 1823 4398 1871 tam

2891 1922 3143 1982 urbium
3174 1922 3516 1980 liberarum
3536 1961 3551 1988 ,
3598 1937 3787 1999 quam
3837 1919 4279 1988 coloniarum,
4323 1911 4400 1973 de

2890 2019 3126 2103 quibus
3160 2020 3285 2080 hoc
3321 2019 3471 2079 loco
3497 2015 3674 2079 aliud
3709 2015 4084 2080 distinctius
4133 1999 4399 2078 innuen·

2885 2120 3043 2182 ,dum
3074 2141 3206 2204 non
3241 2118 3553 2183 occurrit.

2891 2327 2985 2386 De
3013 2326 3224 2385 amnis
3258 2326 3579 2402 arqenteis
3617 2326 3891 2399 majoris
3943 2326 4204 2388 moduli
4236 2341 4392 2383 com-

3395 2429 3588 2486 matis
3625 2429 3918 2486 Roma-ni.
3977 2477 4002 2501 „
4095 2428 4096 2431 ’

3015 2626 3200 2687 Nova
3253 2626 3619 2709 imperante
3667 2626 4001 2698 Cara-calla
4075 2637 4382 2689 monetas

2890 2741 3239 2808 argenteae
3272 2729 3439 2790 ratio
3466 2728 3714 2810 incipit.
3764 2726 4188 2807 Ordinariam
4231 2748 4385 2811 pon·

2891 2828 3049 2888 dere
3098 2843 3162 2889 ct
3208 2829 3544 2890 volumine
3588 2828 3884 2903 excedit,
3962 2851 4042 2890 an
4088 2844 4157 2893 et
4212 2828 4381 2913 puri·

2890 2942 3020 2990 tate
3064 2930 3643 3013 metallipraestet‚
3678 2951 3808 2992 non
3831 2931 3984 2991 satis
4008 2931 4168 2991 mihi
4207 2949 4379 2993 com·

2888 3046 3167 3113 pertum.
3226 3034 3316 3097 Vt
3364 3033 3427 3093 in
3477 3034 3693 3094 nurnis
3741 3033 4090 3093 ordinariis
4148 3052 4374 3115 argen-

2890 3133 3013 3193 teis
3047 3145 3239 3215 caput
3282 3135 3558 3217 Augusti
3606 3147 3926 3216 perpetuo
3986 3148 4085 3194 est
4132 3135 4377 3194 laurea·

2885 3245 3061 3309 turn,
3146 3234 3239 3297 sic
3296 3234 3364 3293 in
3422 3234 3523 3294 his
3586 3247 3965 3296 constanter
4034 3236 4368 3303 radiatum,

2887 3334 3043 3418 quin
3104 3349 3173 3397 et
3219 3334 3348 3397 hoc
3402 3336 3584 3397 cultu
3624 3350 3722 3396 est
3766 3348 3958 3416 caput
4025 3336 4371 3397 Diadume-

2884 3436 3102 3506 niani‚
3162 3436 3285 3497 etsi
3330 3438 3568 3497 Caesar
3611 3449 3859 3498 tantum
3906 3437 3970 3497 in
4020 3437 4100 3497 iis
4156 3437 4369 3521 appel·-

2885 3538 3080 3599 letur.
3128 3543 3562 3622 Augustarum
3597 3552 3783 3620 caput
3818 3557 4081 3619 semper
4115 3536 4373 3621 imposi-

2885 3651 3019 3700 tum
3043 3640 3257 3714 lunae,
3294 3640 3470 3723 quod
3490 3640 3552 3699 in
3569 3638 3710 3700 aliis
3728 3660 4078 3722 nunquam,
4099 3653 4205 3700 aut
4223 3659 4367 3699 non·

2883 3741 3011 3803 nisi
3071 3761 3193 3824 per
3234 3762 3454 3803 casum
3497 3739 4115 3810 extraordinarium,
4180 3724 4406 3822 prout'

2883 3842 2947 3903 in
3018 3862 3216 3905 numo
3273 3843 3505 3905 Severi
3557 3846 3706 3904 anni
3758 3844 3836 3908 V.
3902 3843 3975 3902 C.
4026 3842 4198 3930 955,
4254 3841 4364 3901 hac

2883 3944 3112 4027 regula
3164 3943 3231 4003 in
3288 3944 3519 4017 unico,
3578 3964 3741 4026 quos
3786 3941 4106 4018 viderim,
4173 3944 4365 4003 Dom-

2888 4066 3008 4106 nae
3073 4065 3275 4107 numo
3331 4045 3641 4120 fallente,
3704 4044 3823 4127 qui
3873 4057 3972 4105 est
4029 4045 4099 4104 in
4145 4061 4364 4105 museo

2890 4150 3213 4209 Caesareo
3263 4146 3652 4232 inscriptus:
3710 4146 4065 4210 VENERI.
4112 4145 4367 4209 GEND-
4405 4129 4411 4134 ’

2886 4249 3143 4312 TRlCI.
3207 4252 3430 4331 Typos
3467 4248 3664 4311 habet
3697 4247 3999 4322 eosdem,
4059 4268 4225 4331 quos
4276 4266 4367 4306 ar-

2889 4352 3109 4433 gentei
3140 4351 3269 4411 alii.
3315 4354 3599 4434 Coeptos
3630 4350 3873 4434 signari
3890 4348 4007 4410 sub
4024 4349 4372 4421 Caracalla,

3202 4586 3266 4655 c)
3306 4582 3637 4664 Pag.1106:⁷.
3667 4591 3718 4646 4.
3892 4583 3961 4659 d)
4002 4590 4085 4649 Β.
4114 4581 4180 4641 1..
4218 4579 4364 4640 nist.

2833 4676 2891 4746 f>
2930 4673 2990 4732 in
3023 4676 3237 4743 Carae,
