<?xml version="1.0" encoding="UTF-8"?>
<!DOCTYPE html PUBLIC "-//W3C//DTD XHTML 1.0 Transitional//EN"
    "http://www.w3.org/TR/xhtml1/DTD/xhtml1-transitional.dtd">
<html xmlns="http://www.w3.org/1999/xhtml" xml:lang="en" lang="en">
 <head>
  <title>
</title>
<meta http-equiv="Content-Type" content="text/html;charset=utf-8" />
  <meta name='ocr-system' content='tesseract 3.04.00' />
  <meta name='ocr-capabilities' content='ocr_page ocr_carea ocr_par ocr_line ocrx_word'/>
</head>
<body>
  <div class='ocr_page' id='page_1' title='image "./doctrinanumorum05hohlgoog/doctrinanumorum05hohlgoog_0404.png"; bbox 0 0 4652 5937; ppageno 0'>
   <div class='ocr_carea' id='block_1_1' title="bbox 1327 426 1607 517">
    <p class='ocr_par' dir='ltr' id='par_1_1' title="bbox 1327 426 1607 517">
     <span class='ocr_line' id='line_1_1' title="bbox 1327 426 1607 517; baseline -0.004 0"><span class='ocrx_word' id='word_1_1' title='bbox 1327 437 1474 517; x_wconf 59' lang='lat'><strong>326</strong></span> <span class='ocrx_word' id='word_1_2' title='bbox 1602 426 1607 432; x_wconf 73' lang='grc'><em>’</em></span> 
     </span>
    </p>
   </div>
   <div class='ocr_carea' id='block_1_2' title="bbox 1328 617 2817 701">
    <p class='ocr_par' dir='ltr' id='par_1_2' title="bbox 1328 617 2817 701">
     <span class='ocr_line' id='line_1_2' title="bbox 1328 617 2817 701; baseline -0.002 -18"><span class='ocrx_word' id='word_1_3' title='bbox 1328 634 1435 695; x_wconf 74' lang='lat' dir='ltr'><strong>te,</strong></span> <span class='ocrx_word' id='word_1_4' title='bbox 1482 631 1550 688; x_wconf 78' lang='lat' dir='ltr'><strong>et</strong></span> <span class='ocrx_word' id='word_1_5' title='bbox 1593 617 1823 682; x_wconf 84' lang='lat' dir='ltr'><strong>eadem</strong></span> <span class='ocrx_word' id='word_1_6' title='bbox 1873 634 2138 693; x_wconf 61' lang='lat' dir='ltr'><strong>aversa,</strong></span> <span class='ocrx_word' id='word_1_7' title='bbox 2184 637 2336 680; x_wconf 86' lang='lat' dir='ltr'><strong>cum</strong></span> <span class='ocrx_word' id='word_1_8' title='bbox 2376 630 2595 680; x_wconf 83' lang='lat' dir='ltr'><strong>tamen</strong></span> <span class='ocrx_word' id='word_1_9' title='bbox 2631 637 2817 701; x_wconf 86' lang='lat' dir='ltr'><strong>prae-</strong></span> 
     </span>
    </p>
   </div>
   <div class='ocr_carea' id='block_1_3' title="bbox 1313 718 2815 1409">
    <p class='ocr_par' dir='ltr' id='par_1_3' title="bbox 1313 718 2815 1409">
     <span class='ocr_line' id='line_1_3' title="bbox 1326 718 2815 803; baseline -0.002 -19"><span class='ocrx_word' id='word_1_10' title='bbox 1326 719 1622 785; x_wconf 87' lang='lat' dir='ltr'><strong>cedentis</strong></span> <span class='ocrx_word' id='word_1_11' title='bbox 1667 718 1928 802; x_wconf 89' lang='lat' dir='ltr'><strong>imperii</strong></span> <span class='ocrx_word' id='word_1_12' title='bbox 1985 719 2202 781; x_wconf 90' lang='lat' dir='ltr'><strong>nullos</strong></span> <span class='ocrx_word' id='word_1_13' title='bbox 2261 718 2457 803; x_wconf 87' lang='lat' dir='ltr'><strong>hujus</strong></span> <span class='ocrx_word' id='word_1_14' title='bbox 2513 718 2815 782; x_wconf 70' lang='lat' dir='ltr'><strong>coloniae</strong></span> 
     </span>
     <span class='ocr_line' id='line_1_4' title="bbox 1323 819 2812 901; baseline 0.001 -19"><span class='ocrx_word' id='word_1_15' title='bbox 1323 841 1559 883; x_wconf 86' lang='lat' dir='ltr'><strong>numos</strong></span> <span class='ocrx_word' id='word_1_16' title='bbox 1593 819 1967 883; x_wconf 85' lang='lat' dir='ltr'><strong>habeamus.</strong></span> <span class='ocrx_word' id='word_1_17' title='bbox 2035 820 2643 901; x_wconf 74' lang='lat' dir='ltr'><strong>Reprehendendus</strong></span> <span class='ocrx_word' id='word_1_18' title='bbox 2684 819 2812 883; x_wconf 87' lang='lat' dir='ltr'><strong>hoc</strong></span> 
     </span>
     <span class='ocr_line' id='line_1_5' title="bbox 1322 920 2815 1006; baseline -0.001 -25"><span class='ocrx_word' id='word_1_19' title='bbox 1322 921 1478 988; x_wconf 83' lang='lat' dir='ltr'><strong>loco</strong></span> <span class='ocrx_word' id='word_1_20' title='bbox 1528 921 1761 1003; x_wconf 88' lang='lat' dir='ltr'><strong>ingens</strong></span> <span class='ocrx_word' id='word_1_21' title='bbox 1806 921 2063 983; x_wconf 87' lang='lat' dir='ltr'><strong>Khellii</strong></span> <span class='ocrx_word' id='word_1_22' title='bbox 2114 922 2333 1006; x_wconf 89' lang='lat' dir='ltr'><strong>lapsus</strong></span> <span class='ocrx_word' id='word_1_23' title='bbox 2366 924 2458 1004; x_wconf 79' lang='lat'><strong>⁸),</strong></span> <span class='ocrx_word' id='word_1_24' title='bbox 2517 920 2630 1004; x_wconf 87' lang='lat' dir='ltr'><strong>qui</strong></span> <span class='ocrx_word' id='word_1_25' title='bbox 2664 939 2815 1003; x_wconf 83' lang='lat' dir='ltr'><strong>per-</strong></span> 
     </span>
     <span class='ocr_line' id='line_1_6' title="bbox 1319 1020 2809 1105; baseline -0.001 -21"><span class='ocrx_word' id='word_1_26' title='bbox 1319 1023 1599 1085; x_wconf 87' lang='lat' dir='ltr'><strong>suadere</strong></span> <span class='ocrx_word' id='word_1_27' title='bbox 1632 1020 1757 1082; x_wconf 88' lang='lat' dir='ltr'><strong>sibi</strong></span> <span class='ocrx_word' id='word_1_28' title='bbox 1790 1041 1922 1084; x_wconf 89' lang='lat' dir='ltr'><strong>non</strong></span> <span class='ocrx_word' id='word_1_29' title='bbox 1952 1036 2208 1105; x_wconf 84' lang='lat' dir='ltr'><strong>potest,</strong></span> <span class='ocrx_word' id='word_1_30' title='bbox 2249 1023 2454 1089; x_wconf 80' lang='lat' dir='ltr'><strong>fuisse</strong></span> <span class='ocrx_word' id='word_1_31' title='bbox 2487 1022 2809 1105; x_wconf 70' lang='lat' dir='ltr'><strong>Superum</strong></span> 
     </span>
     <span class='ocr_line' id='line_1_7' title="bbox 1313 1121 2810 1207; baseline -0.001 -22"><span class='ocrx_word' id='word_1_32' title='bbox 1313 1121 1670 1185; x_wconf 80' lang='lat' dir='ltr'><strong>Aemiliani</strong></span> <span class='ocrx_word' id='word_1_33' title='bbox 1715 1141 1991 1183; x_wconf 78' lang='lat' dir='ltr'><strong>uxorem</strong></span> <span class='ocrx_word' id='word_1_34' title='bbox 2029 1124 2258 1185; x_wconf 84' lang='lat' dir='ltr'><strong>saltem</strong></span> <span class='ocrx_word' id='word_1_35' title='bbox 2300 1143 2384 1185; x_wconf 85' lang='lat' dir='ltr'><strong>cx</strong></span> <span class='ocrx_word' id='word_1_36' title='bbox 2430 1126 2558 1188; x_wconf 89' lang='lat' dir='ltr'><strong>hoc</strong></span> <span class='ocrx_word' id='word_1_37' title='bbox 2595 1127 2810 1207; x_wconf 82' lang='lat' dir='ltr'><strong>Aege-</strong></span> 
     </span>
     <span class='ocr_line' id='line_1_8' title="bbox 1318 1224 2808 1309; baseline 0 -22"><span class='ocrx_word' id='word_1_38' title='bbox 1318 1242 1441 1287; x_wconf 85' lang='lat' dir='ltr'><strong>aeo</strong></span> <span class='ocrx_word' id='word_1_39' title='bbox 1504 1224 1795 1306; x_wconf 78' lang='lat' dir='ltr'><strong>superae</strong></span> <span class='ocrx_word' id='word_1_40' title='bbox 1857 1243 2095 1299; x_wconf 90' lang='lat' dir='ltr'><strong>numo,</strong></span> <span class='ocrx_word' id='word_1_41' title='bbox 2174 1225 2483 1309; x_wconf 85' lang='lat' dir='ltr'><strong>quoniam</strong></span> <span class='ocrx_word' id='word_1_42' title='bbox 2538 1225 2808 1289; x_wconf 84' lang='lat' dir='ltr'><strong>brevius</strong></span> 
     </span>
     <span class='ocr_line' id='line_1_9' title="bbox 1315 1322 2808 1409; baseline 0.001 -23"><span class='ocrx_word' id='word_1_43' title='bbox 1315 1322 1444 1386; x_wconf 77' lang='lat' dir='ltr'><strong>fuit</strong></span> <span class='ocrx_word' id='word_1_44' title='bbox 1492 1322 1634 1406; x_wconf 86' lang='lat' dir='ltr'><strong>ejus</strong></span> <span class='ocrx_word' id='word_1_45' title='bbox 1683 1324 2073 1408; x_wconf 88' lang='lat' dir='ltr'><strong>imperium,</strong></span> <span class='ocrx_word' id='word_1_46' title='bbox 2119 1347 2309 1409; x_wconf 86' lang='lat' dir='ltr'><strong>quam</strong></span> <span class='ocrx_word' id='word_1_47' title='bbox 2363 1340 2436 1389; x_wconf 92' lang='lat' dir='ltr'><strong>ut</strong></span> <span class='ocrx_word' id='word_1_48' title='bbox 2468 1351 2503 1390; x_wconf 89' lang='lat' dir='ltr'><strong>a</strong></span> <span class='ocrx_word' id='word_1_49' title='bbox 2537 1327 2808 1389; x_wconf 85' lang='lat' dir='ltr'><strong>remotis</strong></span> 
     </span>
    </p>
   </div>
   <div class='ocr_carea' id='block_1_4' title="bbox 1310 1426 2830 1511">
    <p class='ocr_par' dir='ltr' id='par_1_4' title="bbox 1310 1426 2830 1511">
     <span class='ocr_line' id='line_1_10' title="bbox 1310 1426 2830 1511; baseline -0.001 -21"><span class='ocrx_word' id='word_1_50' title='bbox 1310 1426 1416 1490; x_wconf 82' lang='lat' dir='ltr'><strong>his</strong></span> <span class='ocrx_word' id='word_1_51' title='bbox 1435 1427 1750 1492; x_wconf 75' lang='lat' dir='ltr'><strong>Cilicibus</strong></span> <span class='ocrx_word' id='word_1_52' title='bbox 1769 1426 2054 1510; x_wconf 85' lang='lat' dir='ltr'><strong>intelligi</strong></span> <span class='ocrx_word' id='word_1_53' title='bbox 2072 1429 2413 1511; x_wconf 87' lang='lat' dir='ltr'><strong>potuisset,</strong></span> <span class='ocrx_word' id='word_1_54' title='bbox 2432 1426 2635 1489; x_wconf 80' lang='lat' dir='ltr'><strong>fuisse</strong></span> <span class='ocrx_word' id='word_1_55' title='bbox 2657 1448 2830 1501; x_wconf 37' lang='lat' dir='ltr'><strong>eum,</strong></span> 
     </span>
    </p>
   </div>
   <div class='ocr_carea' id='block_1_5' title="bbox 1311 1527 2809 2007">
    <p class='ocr_par' dir='ltr' id='par_1_5' title="bbox 1311 1527 2809 2007">
     <span class='ocr_line' id='line_1_11' title="bbox 1315 1527 2809 1614; baseline -0.004 -19"><span class='ocrx_word' id='word_1_56' title='bbox 1315 1527 1746 1595; x_wconf 74' lang='lat' dir='ltr'><strong>adclamatum</strong></span> <span class='ocrx_word' id='word_1_57' title='bbox 1793 1530 2302 1614; x_wconf 81' lang='lat' dir='ltr'><strong>imperatorem,</strong></span> <span class='ocrx_word' id='word_1_58' title='bbox 2379 1535 2448 1590; x_wconf 85' lang='lat' dir='ltr'><strong>et</strong></span> <span class='ocrx_word' id='word_1_59' title='bbox 2502 1549 2656 1590; x_wconf 79' lang='lat' dir='ltr'><strong>mox</strong></span> <span class='ocrx_word' id='word_1_60' title='bbox 2712 1527 2809 1589; x_wconf 86' lang='lat' dir='ltr'><strong>fe-</strong></span> 
     </span>
     <span class='ocr_line' id='line_1_12' title="bbox 1311 1623 2807 1692; baseline -0.001 -1"><span class='ocrx_word' id='word_1_61' title='bbox 1311 1628 1436 1691; x_wconf 91' lang='lat' dir='ltr'><strong>riri</strong></span> <span class='ocrx_word' id='word_1_62' title='bbox 1478 1646 1736 1692; x_wconf 84' lang='lat' dir='ltr'><strong>nunms.</strong></span> <span class='ocrx_word' id='word_1_63' title='bbox 1820 1632 2124 1692; x_wconf 83' lang='lat' dir='ltr'><strong>Animum</strong></span> <span class='ocrx_word' id='word_1_64' title='bbox 2187 1649 2320 1691; x_wconf 88' lang='lat' dir='ltr'><strong>non</strong></span> <span class='ocrx_word' id='word_1_65' title='bbox 2371 1623 2652 1691; x_wconf 77' lang='lat' dir='ltr'><strong>advertit</strong></span> <span class='ocrx_word' id='word_1_66' title='bbox 2703 1628 2807 1690; x_wconf 71' lang='lat' dir='ltr'><strong>vir</strong></span> 
     </span>
     <span class='ocr_line' id='line_1_13' title="bbox 1315 1729 2805 1816; baseline -0.001 -23"><span class='ocrx_word' id='word_1_67' title='bbox 1315 1729 1613 1794; x_wconf 74' lang='lat' dir='ltr'><strong>eruditus</strong></span> <span class='ocrx_word' id='word_1_68' title='bbox 1657 1729 1739 1792; x_wconf 89' lang='lat' dir='ltr'><strong>ad</strong></span> <span class='ocrx_word' id='word_1_69' title='bbox 1783 1732 2015 1792; x_wconf 88' lang='lat' dir='ltr'><strong>citatos</strong></span> <span class='ocrx_word' id='word_1_70' title='bbox 2057 1729 2246 1816; x_wconf 86' lang='lat' dir='ltr'><strong>binos</strong></span> <span class='ocrx_word' id='word_1_71' title='bbox 2279 1729 2638 1791; x_wconf 63' lang='lat' dir='ltr'><strong>‘Aemiliani</strong></span> <span class='ocrx_word' id='word_1_72' title='bbox 2686 1752 2805 1791; x_wconf 84' lang='lat' dir='ltr'><strong>nu-</strong></span> 
     </span>
     <span class='ocr_line' id='line_1_14' title="bbox 1312 1828 2807 1914; baseline -0.001 -21"><span class='ocrx_word' id='word_1_73' title='bbox 1312 1852 1463 1895; x_wconf 81' lang='lat' dir='ltr'><strong>mos.</strong></span> <span class='ocrx_word' id='word_1_74' title='bbox 1500 1833 1840 1912; x_wconf 79' lang='lat' dir='ltr'><strong>Aegeaeos</strong></span> <span class='ocrx_word' id='word_1_75' title='bbox 1881 1849 2029 1892; x_wconf 88' lang='lat' dir='ltr'><strong>cum</strong></span> <span class='ocrx_word' id='word_1_76' title='bbox 2077 1828 2312 1892; x_wconf 88' lang='lat' dir='ltr'><strong>eodem</strong></span> <span class='ocrx_word' id='word_1_77' title='bbox 2360 1831 2651 1914; x_wconf 83' lang='lat' dir='ltr'><strong>epochae</strong></span> <span class='ocrx_word' id='word_1_78' title='bbox 2695 1852 2807 1892; x_wconf 88' lang='lat' dir='ltr'><strong>an-</strong></span> 
     </span>
     <span class='ocr_line' id='line_1_15' title="bbox 1311 1930 2804 2007; baseline 0.001 -14"><span class='ocrx_word' id='word_1_79' title='bbox 1311 1951 1423 1995; x_wconf 90' lang='lat' dir='ltr'><strong>no.</strong></span> <span class='ocrx_word' id='word_1_80' title='bbox 1501 1933 1814 1996; x_wconf 84' lang='lat' dir='ltr'><strong>Ceterum</strong></span> <span class='ocrx_word' id='word_1_81' title='bbox 1861 1930 2068 1994; x_wconf 82' lang='lat' dir='ltr'><strong>fuisse</strong></span> <span class='ocrx_word' id='word_1_82' title='bbox 2091 1930 2461 1997; x_wconf 81' lang='lat' dir='ltr'><strong>Aemiliano</strong></span> <span class='ocrx_word' id='word_1_83' title='bbox 2505 1951 2804 2007; x_wconf 87' lang='lat' dir='ltr'><strong>uxorem,</strong></span> 
     </span>
    </p>
   </div>
   <div class='ocr_carea' id='block_1_6' title="bbox 2429 431 3327 512">
    <p class='ocr_par' dir='ltr' id='par_1_6' title="bbox 2429 431 3327 512">
     <span class='ocr_line' id='line_1_16' title="bbox 2429 431 3327 512; baseline -0.004 0"><span class='ocrx_word' id='word_1_84' title='bbox 2429 431 2766 512; x_wconf 86' lang='lat' dir='ltr'><strong>CORN.</strong></span> <span class='ocrx_word' id='word_1_85' title='bbox 2844 431 3327 509; x_wconf 76' lang='lat' dir='ltr'><strong>SVPERA.</strong></span> 
     </span>
    </p>
   </div>
   <div class='ocr_carea' id='block_1_7' title="bbox 2925 609 4474 887">
    <p class='ocr_par' dir='ltr' id='par_1_7' title="bbox 2925 609 4474 887">
     <span class='ocr_line' id='line_1_17' title="bbox 2929 609 4471 703; baseline 0.001 -24"><span class='ocrx_word' id='word_1_86' title='bbox 2929 637 3062 703; x_wconf 86' lang='lat' dir='ltr'><strong>quo</strong></span> <span class='ocrx_word' id='word_1_87' title='bbox 3104 631 3407 700; x_wconf 86' lang='lat' dir='ltr'><strong>tempore</strong></span> <span class='ocrx_word' id='word_1_88' title='bbox 3452 611 3850 697; x_wconf 81' lang='lat' dir='ltr'><strong>imperavit</strong></span> <span class='ocrx_word' id='word_1_89' title='bbox 3881 658 3903 691; x_wconf 94' lang='lat'><strong>,</strong></span> <span class='ocrx_word' id='word_1_90' title='bbox 3956 634 4058 680; x_wconf 79' lang='lat' dir='ltr'><strong>ex</strong></span> <span class='ocrx_word' id='word_1_91' title='bbox 4105 609 4282 697; x_wconf 85' lang='lat' dir='ltr'><strong>ipsis·</strong></span> <span class='ocrx_word' id='word_1_92' title='bbox 4310 616 4471 681; x_wconf 79' lang='lat' dir='ltr'><strong>etiam</strong></span> 
     </span>
     <span class='ocr_line' id='line_1_18' title="bbox 2925 715 4474 799; baseline 0.001 -20"><span class='ocrx_word' id='word_1_93' title='bbox 2925 718 3143 779; x_wconf 87' lang='lat' dir='ltr'><strong>numis</strong></span> <span class='ocrx_word' id='word_1_94' title='bbox 3174 716 3423 779; x_wconf 82' lang='lat' dir='ltr'><strong>Latinis</strong></span> <span class='ocrx_word' id='word_1_95' title='bbox 3457 715 3598 799; x_wconf 80' lang='lat' dir='ltr'><strong>ejus</strong></span> <span class='ocrx_word' id='word_1_96' title='bbox 3630 716 4018 797; x_wconf 79' lang='lat' dir='ltr'><strong>Augusti:</strong></span> <span class='ocrx_word' id='word_1_97' title='bbox 4083 717 4474 781; x_wconf 80' lang='lat' dir='ltr'><strong>AETERNI·</strong></span> 
     </span>
     <span class='ocr_line' id='line_1_19' title="bbox 2930 816 4470 887; baseline 0 -8"><span class='ocrx_word' id='word_1_98' title='bbox 2930 818 3119 880; x_wconf 84' lang='lat' dir='ltr'><strong>TAS.</strong></span> <span class='ocrx_word' id='word_1_99' title='bbox 3152 819 3413 886; x_wconf 81' lang='lat' dir='ltr'><strong>AVGG.</strong></span> <span class='ocrx_word' id='word_1_100' title='bbox 3441 852 3528 865; x_wconf 91' lang='lat'><strong>—-</strong></span> <span class='ocrx_word' id='word_1_101' title='bbox 3576 816 4203 881; x_wconf 78' lang='lat' dir='ltr'><strong>CONCORDIA.</strong></span> <span class='ocrx_word' id='word_1_102' title='bbox 4240 820 4470 887; x_wconf 81' lang='lat' dir='ltr'><strong>AVGG.</strong></span> 
     </span>
    </p>
   </div>
   <div class='ocr_carea' id='block_1_8' title="bbox 2925 919 4574 1017">
    <p class='ocr_par' dir='ltr' id='par_1_8' title="bbox 2925 919 4574 1017">
     <span class='ocr_line' id='line_1_20' title="bbox 2925 919 4574 1017; baseline 0 -36"><span class='ocrx_word' id='word_1_103' title='bbox 2925 940 3059 981; x_wconf 92' lang='lat' dir='ltr'><strong>non</strong></span> <span class='ocrx_word' id='word_1_104' title='bbox 3084 919 3365 984; x_wconf 84' lang='lat' dir='ltr'><strong>obscure</strong></span> <span class='ocrx_word' id='word_1_105' title='bbox 3402 919 3794 1003; x_wconf 84' lang='lat' dir='ltr'><strong>colligitur.</strong></span> <span class='ocrx_word' id='word_1_106' title='bbox 3854 922 4051 982; x_wconf 87' lang='lat' dir='ltr'><strong>Nam</strong></span> <span class='ocrx_word' id='word_1_107' title='bbox 4094 919 4346 983; x_wconf 89' lang='lat' dir='ltr'><strong>socium</strong></span> <span class='ocrx_word' id='word_1_108' title='bbox 4375 920 4471 982; x_wconf 88' lang='lat' dir='ltr'><strong>im-</strong></span> <span class='ocrx_word' id='word_1_109' title='bbox 4573 965 4574 1017; x_wconf 50' lang='lat'><em>3</em></span> 
     </span>
    </p>
   </div>
   <div class='ocr_carea' id='block_1_9' title="bbox 2917 1020 4467 1896">
    <p class='ocr_par' dir='ltr' id='par_1_9' title="bbox 2922 1020 4467 1407">
     <span class='ocr_line' id='line_1_21' title="bbox 2924 1020 4467 1103; baseline -0.001 -19"><span class='ocrx_word' id='word_1_110' title='bbox 2924 1020 3097 1103; x_wconf 79' lang='lat' dir='ltr'><strong>perii</strong></span> <span class='ocrx_word' id='word_1_111' title='bbox 3151 1021 3383 1083; x_wconf 81' lang='lat' dir='ltr'><strong>saltem</strong></span> <span class='ocrx_word' id='word_1_112' title='bbox 3440 1021 3567 1083; x_wconf 86' lang='lat' dir='ltr'><strong>sibi</strong></span> <span class='ocrx_word' id='word_1_113' title='bbox 3622 1021 3977 1102; x_wconf 83' lang='lat' dir='ltr'><strong>agnitum</strong></span> <span class='ocrx_word' id='word_1_114' title='bbox 4051 1040 4193 1082; x_wconf 87' lang='lat' dir='ltr'><strong>non</strong></span> <span class='ocrx_word' id='word_1_115' title='bbox 4238 1020 4467 1082; x_wconf 81' lang='lat' dir='ltr'><strong>habuit=</strong></span> 
     </span>
     <span class='ocr_line' id='line_1_22' title="bbox 2927 1120 4462 1206; baseline 0.001 -24"><span class='ocrx_word' id='word_1_116' title='bbox 2927 1139 3090 1204; x_wconf 88' lang='lat' dir='ltr'><strong>ergo</strong></span> <span class='ocrx_word' id='word_1_117' title='bbox 3124 1121 3444 1186; x_wconf 83' lang='lat' dir='ltr'><strong>vocabulo</strong></span> <span class='ocrx_word' id='word_1_118' title='bbox 3468 1120 3750 1190; x_wconf 85' lang='lat' dir='ltr'><strong>AVGG.</strong></span> <span class='ocrx_word' id='word_1_119' title='bbox 3793 1121 4133 1206; x_wconf 84' lang='lat' dir='ltr'><strong>intelligi</strong></span> <span class='ocrx_word' id='word_1_120' title='bbox 4165 1123 4328 1186; x_wconf 82' lang='lat' dir='ltr'><strong>alius</strong></span> <span class='ocrx_word' id='word_1_121' title='bbox 4351 1143 4462 1185; x_wconf 83' lang='lat' dir='ltr'><strong>non</strong></span> 
     </span>
     <span class='ocr_line' id='line_1_23' title="bbox 2922 1223 4464 1308; baseline -0.001 -23"><span class='ocrx_word' id='word_1_122' title='bbox 2922 1235 3184 1305; x_wconf 86' lang='lat' dir='ltr'><strong>potest,</strong></span> <span class='ocrx_word' id='word_1_123' title='bbox 3230 1244 3422 1308; x_wconf 83' lang='lat' dir='ltr'><strong>quam</strong></span> <span class='ocrx_word' id='word_1_124' title='bbox 3465 1223 3965 1301; x_wconf 81' lang='lat' dir='ltr'><strong>Aemilianus,</strong></span> <span class='ocrx_word' id='word_1_125' title='bbox 4022 1237 4100 1287; x_wconf 88' lang='lat' dir='ltr'><strong>et</strong></span> <span class='ocrx_word' id='word_1_126' title='bbox 4144 1243 4318 1287; x_wconf 84' lang='lat' dir='ltr'><strong>uxor</strong></span> <span class='ocrx_word' id='word_1_127' title='bbox 4356 1224 4464 1284; x_wconf 79' lang='lat' dir='ltr'><strong>Aa·</strong></span> 
     </span>
     <span class='ocr_line' id='line_1_24' title="bbox 2924 1338 3132 1407; baseline 0 -22"><span class='ocrx_word' id='word_1_128' title='bbox 2924 1338 3132 1407; x_wconf 86' lang='lat' dir='ltr'><strong>gusta.</strong></span> 
     </span>
    </p>

    <p class='ocr_par' dir='ltr' id='par_1_10' title="bbox 2917 1425 4456 1896">
     <span class='ocr_line' id='line_1_25' title="bbox 2963 1425 4456 1511; baseline -0.005 -20"><span class='ocrx_word' id='word_1_129' title='bbox 2963 1444 2971 1453; x_wconf 89' lang='lat'><em>·</em></span> <span class='ocrx_word' id='word_1_130' title='bbox 3047 1427 3296 1491; x_wconf 88' lang='lat' dir='ltr'><strong>Verum</strong></span> <span class='ocrx_word' id='word_1_131' title='bbox 3331 1425 3474 1510; x_wconf 85' lang='lat' dir='ltr'><strong>ejus</strong></span> <span class='ocrx_word' id='word_1_132' title='bbox 3505 1446 3982 1511; x_wconf 22' lang='lat' dir='ltr'><strong>praenomen,</strong></span> <span class='ocrx_word' id='word_1_133' title='bbox 4005 1430 4221 1489; x_wconf 68' lang='lat' dir='ltr'><strong>Gaiae</strong></span> <span class='ocrx_word' id='word_1_134' title='bbox 4250 1444 4332 1488; x_wconf 85' lang='lat' dir='ltr'><strong>ex</strong></span> <span class='ocrx_word' id='word_1_135' title='bbox 4359 1440 4456 1484; x_wconf 84' lang='lat' dir='ltr'><strong>nu·</strong></span> 
     </span>
     <span class='ocr_line' id='line_1_26' title="bbox 2922 1525 4451 1607; baseline -0.002 -20"><span class='ocrx_word' id='word_1_136' title='bbox 2922 1525 3047 1587; x_wconf 88' lang='lat' dir='ltr'><strong>mis</strong></span> <span class='ocrx_word' id='word_1_137' title='bbox 3081 1526 3330 1588; x_wconf 86' lang='lat' dir='ltr'><strong>Latinis</strong></span> <span class='ocrx_word' id='word_1_138' title='bbox 3352 1571 3372 1603; x_wconf 90' lang='lat'><strong>,</strong></span> <span class='ocrx_word' id='word_1_139' title='bbox 3417 1539 3485 1588; x_wconf 91' lang='lat' dir='ltr'><strong>et</strong></span> <span class='ocrx_word' id='word_1_140' title='bbox 3514 1527 3945 1591; x_wconf 84' lang='lat' dir='ltr'><strong>Iuliensium</strong></span> <span class='ocrx_word' id='word_1_141' title='bbox 3970 1525 4319 1607; x_wconf 85' lang='lat' dir='ltr'><strong>Phrygiae</strong></span> <span class='ocrx_word' id='word_1_142' title='bbox 4345 1536 4451 1585; x_wconf 87' lang='lat' dir='ltr'><strong>tam</strong></span> 
     </span>
     <span class='ocr_line' id='line_1_27' title="bbox 2918 1626 4453 1714; baseline -0.005 -24"><span class='ocrx_word' id='word_1_143' title='bbox 2918 1628 3220 1709; x_wconf 85' lang='lat' dir='ltr'><strong>Haymii,</strong></span> <span class='ocrx_word' id='word_1_144' title='bbox 3278 1650 3469 1714; x_wconf 86' lang='lat' dir='ltr'><strong>quam</strong></span> <span class='ocrx_word' id='word_1_145' title='bbox 3516 1629 3901 1691; x_wconf 83' lang='lat' dir='ltr'><strong>Pellerinii</strong></span> <span class='ocrx_word' id='word_1_146' title='bbox 3966 1626 4356 1697; x_wconf 79' lang='lat' dir='ltr'><strong>stabilitur,</strong></span> <span class='ocrx_word' id='word_1_147' title='bbox 4403 1633 4453 1683; x_wconf 84' lang='lat' dir='ltr'><strong>at</strong></span> 
     </span>
     <span class='ocr_line' id='line_1_28' title="bbox 2917 1722 4445 1796; baseline -0.009 0"><span class='ocrx_word' id='word_1_148' title='bbox 2917 1728 3307 1796; x_wconf 88' lang='lat' dir='ltr'><strong>Vaillantius</strong></span> <span class='ocrx_word' id='word_1_149' title='bbox 3343 1744 3410 1793; x_wconf 88' lang='lat' dir='ltr'><strong>et</strong></span> <span class='ocrx_word' id='word_1_150' title='bbox 3443 1729 3785 1792; x_wconf 82' lang='lat' dir='ltr'><strong>Sestinius</strong></span> <span class='ocrx_word' id='word_1_151' title='bbox 3832 1729 4090 1793; x_wconf 85' lang='lat' dir='ltr'><strong>oblato</strong></span> <span class='ocrx_word' id='word_1_152' title='bbox 4135 1747 4222 1791; x_wconf 86' lang='lat' dir='ltr'><strong>ex</strong></span> <span class='ocrx_word' id='word_1_153' title='bbox 4260 1722 4445 1790; x_wconf 66' lang='lat' dir='ltr'><strong>numia</strong></span> 
     </span>
     <span class='ocr_line' id='line_1_29' title="bbox 2918 1827 3830 1896; baseline 0 -3"><span class='ocrx_word' id='word_1_154' title='bbox 2918 1832 3051 1895; x_wconf 85' lang='lat' dir='ltr'><strong>suis</strong></span> <span class='ocrx_word' id='word_1_155' title='bbox 3087 1827 3240 1896; x_wconf 89' lang='grc' dir='ltr'><strong>ΓΝ.</strong></span> <span class='ocrx_word' id='word_1_156' title='bbox 3279 1835 3508 1895; x_wconf 67' lang='lat' dir='ltr'><strong>stacam</strong></span> <span class='ocrx_word' id='word_1_157' title='bbox 3536 1829 3830 1895; x_wconf 83' lang='lat' dir='ltr'><strong>faciunt.</strong></span> 
     </span>
    </p>
   </div>
   <div class='ocr_carea' id='block_1_10' title="bbox 2611 2246 3531 2323">
    <p class='ocr_par' dir='ltr' id='par_1_11' title="bbox 2611 2246 3531 2323">
     <span class='ocr_line' id='line_1_30' title="bbox 2611 2246 3531 2323; baseline -0.001 -17"><span class='ocrx_word' id='word_1_158' title='bbox 2611 2246 2807 2306; x_wconf 67' lang='grc' dir='ltr'><strong>ΡΒΕ</strong></span> <span class='ocrx_word' id='word_1_159' title='bbox 2830 2248 3105 2323; x_wconf 73' lang='lat' dir='ltr'><strong>TIVM.</strong></span> <span class='ocrx_word' id='word_1_160' title='bbox 3487 2284 3531 2305; x_wconf 56' lang='grc'>,</span> 
     </span>
    </p>
   </div>
   <div class='ocr_carea' id='block_1_11' title="bbox 1436 2416 4419 2531">
    <p class='ocr_par' dir='ltr' id='par_1_12' title="bbox 1436 2416 4419 2531">
     <span class='ocr_line' id='line_1_31' title="bbox 1436 2416 4419 2531; baseline 0.001 -32"><span class='ocrx_word' id='word_1_161' title='bbox 1436 2438 1620 2504; x_wconf 74' lang='lat' dir='ltr'><strong>Istud</strong></span> <span class='ocrx_word' id='word_1_162' title='bbox 1656 2435 1857 2501; x_wconf 80' lang='lat' dir='ltr'><strong>facile</strong></span> <span class='ocrx_word' id='word_1_163' title='bbox 1897 2438 2237 2524; x_wconf 82' lang='lat' dir='ltr'><strong>colligitur</strong></span> <span class='ocrx_word' id='word_1_164' title='bbox 2278 2459 2363 2506; x_wconf 85' lang='lat' dir='ltr'><strong>ex</strong></span> <span class='ocrx_word' id='word_1_165' title='bbox 2392 2440 2685 2508; x_wconf 82' lang='lat' dir='ltr'><strong>recitatis</strong></span> <span class='ocrx_word' id='word_1_166' title='bbox 2714 2440 2858 2526; x_wconf 84' lang='lat' dir='ltr'><strong>ejus</strong></span> <span class='ocrx_word' id='word_1_167' title='bbox 2886 2443 3102 2509; x_wconf 71' lang='lat' dir='ltr'><strong>numia</strong></span> <span class='ocrx_word' id='word_1_168' title='bbox 3123 2488 3143 2524; x_wconf 87' lang='lat'><strong>,</strong></span> <span class='ocrx_word' id='word_1_169' title='bbox 3184 2467 3337 2512; x_wconf 81' lang='lat' dir='ltr'><strong>nam</strong></span> <span class='ocrx_word' id='word_1_170' title='bbox 3380 2416 3902 2531; x_wconf 40' lang='lat' dir='ltr'><strong>alii‘praeterea</strong></span> <span class='ocrx_word' id='word_1_171' title='bbox 3940 2441 4037 2509; x_wconf 85' lang='lat' dir='ltr'><strong>ad</strong></span> <span class='ocrx_word' id='word_1_172' title='bbox 4066 2440 4205 2507; x_wconf 83' lang='lat' dir='ltr'><strong>hoc</strong></span> <span class='ocrx_word' id='word_1_173' title='bbox 4241 2450 4419 2519; x_wconf 77' lang='lat' dir='ltr'><strong>usque</strong></span> 
     </span>
    </p>
   </div>
   <div class='ocr_carea' id='block_1_12' title="bbox 1301 2540 2254 2624">
    <p class='ocr_par' dir='ltr' id='par_1_13' title="bbox 1301 2540 2254 2624">
     <span class='ocr_line' id='line_1_32' title="bbox 1301 2540 2254 2624; baseline 0.007 -25"><span class='ocrx_word' id='word_1_174' title='bbox 1301 2552 1569 2623; x_wconf 73' lang='lat' dir='ltr'><strong>tempus</strong></span> <span class='ocrx_word' id='word_1_175' title='bbox 1614 2540 1865 2624; x_wconf 83' lang='lat' dir='ltr'><strong>cogniti</strong></span> <span class='ocrx_word' id='word_1_176' title='bbox 1905 2562 2038 2604; x_wconf 87' lang='lat' dir='ltr'><strong>non</strong></span> <span class='ocrx_word' id='word_1_177' title='bbox 2083 2556 2254 2606; x_wconf 87' lang='lat' dir='ltr'><strong>sunt.</strong></span> 
     </span>
    </p>
   </div>
   <div class='ocr_carea' id='block_1_13' title="bbox 2493 2859 3206 2924">
    <p class='ocr_par' dir='ltr' id='par_1_14' title="bbox 2493 2859 3206 2924">
     <span class='ocr_line' id='line_1_33' title="bbox 2493 2859 3206 2924; baseline 0.004 -6"><span class='ocrx_word' id='word_1_178' title='bbox 2493 2859 3206 2924; x_wconf 76' lang='lat' dir='ltr'><strong>VALERIANVS.</strong></span> 
     </span>
    </p>
   </div>
   <div class='ocr_carea' id='block_1_14' title="bbox 1295 3040 2787 3330">
    <p class='ocr_par' dir='ltr' id='par_1_15' title="bbox 1295 3040 2787 3330">
     <span class='ocr_line' id='line_1_34' title="bbox 1418 3040 2787 3119; baseline 0.009 -13"><span class='ocrx_word' id='word_1_179' title='bbox 1418 3045 1495 3106; x_wconf 81' lang='lat' dir='ltr'><strong>P.</strong></span> <span class='ocrx_word' id='word_1_180' title='bbox 1546 3043 1842 3108; x_wconf 84' lang='lat' dir='ltr'><strong>Licinius</strong></span> <span class='ocrx_word' id='word_1_181' title='bbox 1883 3047 2270 3114; x_wconf 68' lang='lat' dir='ltr'><strong>Valerianus</strong></span> <span class='ocrx_word' id='word_1_182' title='bbox 2329 3040 2520 3116; x_wconf 81' lang='lat' dir='ltr'><strong>natus</strong></span> <span class='ocrx_word' id='word_1_183' title='bbox 2576 3056 2787 3119; x_wconf 88' lang='lat' dir='ltr'><strong>nobili</strong></span> 
     </span>
     <span class='ocr_line' id='line_1_35' title="bbox 1299 3148 2787 3259; baseline 0.009 -54"><span class='ocrx_word' id='word_1_184' title='bbox 1299 3163 1544 3259; x_wconf 84' lang='lat' dir='ltr'><strong>genere</strong></span> <span class='ocrx_word' id='word_1_185' title='bbox 1590 3157 1777 3227; x_wconf 88' lang='lat' dir='ltr'><strong>patre</strong></span> <span class='ocrx_word' id='word_1_186' title='bbox 1832 3148 2119 3214; x_wconf 83' lang='lat' dir='ltr'><strong>Valerio.</strong></span> <span class='ocrx_word' id='word_1_187' title='bbox 2205 3151 2365 3214; x_wconf 87' lang='lat' dir='ltr'><strong>Post</strong></span> <span class='ocrx_word' id='word_1_188' title='bbox 2415 3152 2631 3216; x_wconf 89' lang='lat' dir='ltr'><strong>obitos</strong></span> <span class='ocrx_word' id='word_1_189' title='bbox 2676 3177 2787 3220; x_wconf 82' lang='lat' dir='ltr'><strong>va·</strong></span> 
     </span>
     <span class='ocr_line' id='line_1_36' title="bbox 1295 3245 2783 3330; baseline 0.01 -25"><span class='ocrx_word' id='word_1_190' title='bbox 1295 3245 1433 3306; x_wconf 87' lang='lat' dir='ltr'><strong>rios</strong></span> <span class='ocrx_word' id='word_1_191' title='bbox 1477 3246 1890 3330; x_wconf 74' lang='lat' dir='ltr'><strong>magistratus</strong></span> <span class='ocrx_word' id='word_1_192' title='bbox 1927 3252 2155 3313; x_wconf 83' lang='lat' dir='ltr'><strong>’consul</strong></span> <span class='ocrx_word' id='word_1_193' title='bbox 2194 3252 2321 3315; x_wconf 80' lang='lat' dir='ltr'><strong>fuit</strong></span> <span class='ocrx_word' id='word_1_194' title='bbox 2354 3255 2584 3317; x_wconf 85' lang='lat' dir='ltr'><strong>saltem</strong></span> <span class='ocrx_word' id='word_1_195' title='bbox 2611 3277 2783 3321; x_wconf 87' lang='lat' dir='ltr'><strong>anno</strong></span> 
     </span>
    </p>
   </div>
   <div class='ocr_carea' id='block_1_15' title="bbox 1291 3347 2818 3538">
    <p class='ocr_par' dir='ltr' id='par_1_16' title="bbox 1291 3347 2782 3538">
     <span class='ocr_line' id='line_1_37' title="bbox 1291 3347 2782 3442; baseline 0.008 -32"><span class='ocrx_word' id='word_1_196' title='bbox 1291 3349 1375 3410; x_wconf 91' lang='lat' dir='ltr'><strong>V</strong></span> <span class='ocrx_word' id='word_1_197' title='bbox 1420 3347 1493 3410; x_wconf 87' lang='lat' dir='ltr'><strong>C.</strong></span> <span class='ocrx_word' id='word_1_198' title='bbox 1542 3358 1686 3429; x_wconf 67' lang='lat'><strong>(590.</strong></span> <span class='ocrx_word' id='word_1_199' title='bbox 1773 3352 1937 3411; x_wconf 88' lang='lat' dir='ltr'><strong>Nam</strong></span> <span class='ocrx_word' id='word_1_200' title='bbox 1996 3372 2166 3415; x_wconf 89' lang='lat' dir='ltr'><strong>anno</strong></span> <span class='ocrx_word' id='word_1_201' title='bbox 2226 3369 2544 3439; x_wconf 87' lang='lat' dir='ltr'><strong>sequente</strong></span> <span class='ocrx_word' id='word_1_202' title='bbox 2566 3398 2584 3432; x_wconf 90' lang='lat'>‚</span> <span class='ocrx_word' id='word_1_203' title='bbox 2651 3379 2782 3442; x_wconf 89' lang='lat' dir='ltr'><strong>quo</strong></span> 
     </span>
     <span class='ocr_line' id='line_1_38' title="bbox 1298 3431 2818 3538; baseline 0.01 -32"><span class='ocrx_word' id='word_1_204' title='bbox 1298 3441 1613 3509; x_wconf 86' lang='lat' dir='ltr'><strong>Gordiani</strong></span> <span class='ocrx_word' id='word_1_205' title='bbox 1636 3448 1808 3512; x_wconf 70' lang='lat' dir='ltr'><strong>duo·</strong></span> <span class='ocrx_word' id='word_1_206' title='bbox 1789 3473 1854 3512; x_wconf 87' lang='grc' dir='ltr'><strong>ιιι</strong></span> <span class='ocrx_word' id='word_1_207' title='bbox 1875 3431 2096 3515; x_wconf 53' lang='lat' dir='ltr'><strong>Africa</strong></span> <span class='ocrx_word' id='word_1_208' title='bbox 2115 3455 2395 3538; x_wconf 77' lang='lat' dir='ltr'><strong>Augusti</strong></span> <span class='ocrx_word' id='word_1_209' title='bbox 2423 3456 2581 3521; x_wconf 89' lang='lat' dir='ltr'><strong>dicti</strong></span> <span class='ocrx_word' id='word_1_210' title='bbox 2614 3474 2818 3535; x_wconf 84' lang='lat' dir='ltr'><strong>sunt</strong></span> 
     </span>
    </p>
   </div>
   <div class='ocr_carea' id='block_1_16' title="bbox 1200 3548 2785 3621">
    <p class='ocr_par' dir='ltr' id='par_1_17' title="bbox 1200 3548 2785 3621">
     <span class='ocr_line' id='line_1_39' title="bbox 1200 3548 2785 3621; baseline 0.007 -12"><span class='ocrx_word' id='word_1_211' title='bbox 1200 3567 1205 3571; x_wconf 82' lang='grc'><strong><em>’</em></strong></span> <span class='ocrx_word' id='word_1_212' title='bbox 1294 3548 1393 3610; x_wconf 89' lang='lat' dir='ltr'><strong>ab</strong></span> <span class='ocrx_word' id='word_1_213' title='bbox 1411 3548 1514 3609; x_wconf 89' lang='lat' dir='ltr'><strong>his</strong></span> <span class='ocrx_word' id='word_1_214' title='bbox 1529 3550 1919 3614; x_wconf 85' lang='lat' dir='ltr'><strong>Valerianus</strong></span> <span class='ocrx_word' id='word_1_215' title='bbox 1948 3555 2309 3617; x_wconf 84' lang='lat' dir='ltr'><strong>consularis</strong></span> <span class='ocrx_word' id='word_1_216' title='bbox 2326 3556 2600 3620; x_wconf 81' lang='lat' dir='ltr'><strong>Romam</strong></span> <span class='ocrx_word' id='word_1_217' title='bbox 2632 3559 2785 3621; x_wconf 86' lang='lat' dir='ltr'><strong>mis-</strong></span> 
     </span>
    </p>
   </div>
   <div class='ocr_carea' id='block_1_17' title="bbox 1285 3649 2788 4346">
    <p class='ocr_par' dir='ltr' id='par_1_18' title="bbox 1285 3649 2788 4346">
     <span class='ocr_line' id='line_1_40' title="bbox 1294 3649 2788 3739; baseline 0.007 -28"><span class='ocrx_word' id='word_1_218' title='bbox 1294 3671 1403 3713; x_wconf 83' lang='lat' dir='ltr'><strong>sus</strong></span> <span class='ocrx_word' id='word_1_219' title='bbox 1436 3649 1676 3712; x_wconf 89' lang='lat' dir='ltr'><strong>dicitur</strong></span> <span class='ocrx_word' id='word_1_220' title='bbox 1711 3674 1746 3712; x_wconf 87' lang='lat' dir='ltr'><strong>a</strong></span> <span class='ocrx_word' id='word_1_221' title='bbox 1774 3653 2058 3716; x_wconf 89' lang='lat' dir='ltr'><strong>Zosimo.</strong></span> <span class='ocrx_word' id='word_1_222' title='bbox 2130 3659 2216 3718; x_wconf 81' lang='lat' dir='ltr'><strong>At</strong></span> <span class='ocrx_word' id='word_1_223' title='bbox 2239 3658 2652 3739; x_wconf 86' lang='lat' dir='ltr'><strong>praeclarum</strong></span> <span class='ocrx_word' id='word_1_224' title='bbox 2673 3679 2788 3721; x_wconf 78' lang='lat' dir='ltr'><strong>se-</strong></span> 
     </span>
     <span class='ocr_line' id='line_1_41' title="bbox 1289 3750 2778 3844; baseline 0.008 -32"><span class='ocrx_word' id='word_1_225' title='bbox 1289 3765 1480 3813; x_wconf 85' lang='lat' dir='ltr'><strong>natus</strong></span> <span class='ocrx_word' id='word_1_226' title='bbox 1528 3750 1611 3814; x_wconf 90' lang='lat' dir='ltr'><strong>de</strong></span> <span class='ocrx_word' id='word_1_227' title='bbox 1662 3771 1744 3814; x_wconf 92' lang='lat' dir='ltr'><strong>eo</strong></span> <span class='ocrx_word' id='word_1_228' title='bbox 1789 3752 2106 3834; x_wconf 86' lang='lat' dir='ltr'><strong>judicium</strong></span> <span class='ocrx_word' id='word_1_229' title='bbox 2156 3769 2296 3818; x_wconf 85' lang='lat' dir='ltr'><strong>tum</strong></span> <span class='ocrx_word' id='word_1_230' title='bbox 2337 3759 2616 3821; x_wconf 86' lang='lat' dir='ltr'><strong>maxime</strong></span> <span class='ocrx_word' id='word_1_231' title='bbox 2667 3783 2778 3844; x_wconf 88' lang='lat' dir='ltr'><strong>pa·-</strong></span> 
     </span>
     <span class='ocr_line' id='line_1_42' title="bbox 1289 3853 2784 3936; baseline 0.006 -22"><span class='ocrx_word' id='word_1_232' title='bbox 1289 3853 1450 3929; x_wconf 86' lang='lat' dir='ltr'><strong>tuit,</strong></span> <span class='ocrx_word' id='word_1_233' title='bbox 1511 3854 1768 3936; x_wconf 86' lang='lat' dir='ltr'><strong>quando</strong></span> <span class='ocrx_word' id='word_1_234' title='bbox 1812 3855 2022 3917; x_wconf 90' lang='lat' dir='ltr'><strong>Decio</strong></span> <span class='ocrx_word' id='word_1_235' title='bbox 2066 3869 2361 3920; x_wconf 82' lang='lat' dir='ltr'><strong>veterem</strong></span> <span class='ocrx_word' id='word_1_236' title='bbox 2407 3881 2487 3924; x_wconf 89' lang='lat' dir='ltr'><strong>ac</strong></span> <span class='ocrx_word' id='word_1_237' title='bbox 2526 3857 2638 3923; x_wconf 86' lang='lat' dir='ltr'><strong>diu</strong></span> <span class='ocrx_word' id='word_1_238' title='bbox 2682 3862 2784 3923; x_wconf 85' lang='grc' dir='ltr'>ἰιι-</span> 
     </span>
     <span class='ocr_line' id='line_1_43' title="bbox 1289 3955 2780 4039; baseline 0.007 -21"><span class='ocrx_word' id='word_1_239' title='bbox 1289 3955 1659 4018; x_wconf 84' lang='lat' dir='ltr'><strong>termissam</strong></span> <span class='ocrx_word' id='word_1_240' title='bbox 1691 3975 2033 4018; x_wconf 83' lang='lat' dir='ltr'><strong>censuram</strong></span> <span class='ocrx_word' id='word_1_241' title='bbox 2076 3974 2472 4039; x_wconf 80' lang='lat' dir='ltr'><strong>revocante,</strong></span> <span class='ocrx_word' id='word_1_242' title='bbox 2504 3968 2588 4025; x_wconf 70' lang='lat' dir='ltr'><strong>&#39;et</strong></span> <span class='ocrx_word' id='word_1_243' title='bbox 2626 3984 2780 4028; x_wconf 90' lang='lat' dir='ltr'><strong>cen·</strong></span> 
     </span>
     <span class='ocr_line' id='line_1_44' title="bbox 1290 4056 2776 4141; baseline 0.007 -22"><span class='ocrx_word' id='word_1_244' title='bbox 1290 4075 1509 4122; x_wconf 86' lang='lat' dir='ltr'><strong>sorem</strong></span> <span class='ocrx_word' id='word_1_245' title='bbox 1571 4077 1607 4117; x_wconf 90' lang='lat' dir='ltr'><strong>a</strong></span> <span class='ocrx_word' id='word_1_246' title='bbox 1679 4056 1974 4140; x_wconf 88' lang='lat' dir='ltr'><strong>patribus</strong></span> <span class='ocrx_word' id='word_1_247' title='bbox 2008 4078 2012 4088; x_wconf 71' lang='grc'><strong>’</strong></span> <span class='ocrx_word' id='word_1_248' title='bbox 2045 4060 2418 4141; x_wconf 81' lang='lat' dir='ltr'><strong>postulante</strong></span> <span class='ocrx_word' id='word_1_249' title='bbox 2489 4084 2776 4129; x_wconf 87' lang='lat' dir='ltr'><strong>commu·</strong></span> 
     </span>
     <span class='ocr_line' id='line_1_45' title="bbox 1285 4154 2780 4246; baseline 0.007 -28"><span class='ocrx_word' id='word_1_250' title='bbox 1285 4157 1481 4220; x_wconf 85' lang='lat' dir='ltr'><strong>nibus</strong></span> <span class='ocrx_word' id='word_1_251' title='bbox 1522 4154 1765 4220; x_wconf 82' lang='lat' dir='ltr'><strong>horum</strong></span> <span class='ocrx_word' id='word_1_252' title='bbox 1818 4157 2151 4242; x_wconf 86' lang='lat' dir='ltr'><strong>suffragiis</strong></span> <span class='ocrx_word' id='word_1_253' title='bbox 2194 4164 2579 4246; x_wconf 80' lang='lat' dir='ltr'><strong>gravissimo</strong></span> <span class='ocrx_word' id='word_1_254' title='bbox 2608 4166 2780 4230; x_wconf 84' lang='lat' dir='ltr'><strong>hnic</strong></span> 
     </span>
     <span class='ocr_line' id='line_1_46' title="bbox 1291 4259 2778 4346; baseline 0.008 -27"><span class='ocrx_word' id='word_1_255' title='bbox 1291 4260 1549 4322; x_wconf 84' lang='lat' dir='ltr'><strong>muneri</strong></span> <span class='ocrx_word' id='word_1_256' title='bbox 1593 4281 1762 4321; x_wconf 82' lang='lat' dir='ltr'><strong>unus</strong></span> <span class='ocrx_word' id='word_1_257' title='bbox 1788 4259 2063 4324; x_wconf 89' lang='lat' dir='ltr'><strong>idoneus</strong></span> <span class='ocrx_word' id='word_1_258' title='bbox 2109 4262 2367 4327; x_wconf 87' lang='lat' dir='ltr'><strong>habitus</strong></span> <span class='ocrx_word' id='word_1_259' title='bbox 2412 4280 2514 4329; x_wconf 88' lang='lat' dir='ltr'><strong>est</strong></span> <span class='ocrx_word' id='word_1_260' title='bbox 2541 4264 2626 4346; x_wconf 80' lang='lat'><strong>¹³).</strong></span> <span class='ocrx_word' id='word_1_261' title='bbox 2696 4268 2778 4337; x_wconf 87' lang='lat' dir='ltr'><strong>V.</strong></span> 
     </span>
    </p>
   </div>
   <div class='ocr_carea' id='block_1_18' title="bbox 1148 4357 2777 4452">
    <p class='ocr_par' dir='ltr' id='par_1_19' title="bbox 1148 4357 2777 4452">
     <span class='ocr_line' id='line_1_47' title="bbox 1148 4357 2777 4452; baseline 0.007 -32"><span class='ocrx_word' id='word_1_262' title='bbox 1148 4373 1172 4387; x_wconf 47' lang='lat'><strong>⁸*</strong></span> <span class='ocrx_word' id='word_1_263' title='bbox 1296 4360 1367 4421; x_wconf 89' lang='lat' dir='ltr'><strong>C.</strong></span> <span class='ocrx_word' id='word_1_264' title='bbox 1412 4357 1573 4421; x_wconf 74' lang='lat'>1006</span> <span class='ocrx_word' id='word_1_265' title='bbox 1621 4361 1986 4425; x_wconf 83' lang='lat' dir='ltr'><strong>Aemiliano</strong></span> <span class='ocrx_word' id='word_1_266' title='bbox 2031 4364 2100 4425; x_wconf 88' lang='lat' dir='ltr'><strong>in</strong></span> <span class='ocrx_word' id='word_1_267' title='bbox 2138 4366 2394 4429; x_wconf 81' lang='lat' dir='ltr'><strong>Moesia</strong></span> <span class='ocrx_word' id='word_1_268' title='bbox 2427 4367 2777 4452; x_wconf 87' lang='lat' dir='ltr'><strong>imperium</strong></span> 
     </span>
    </p>
   </div>
   <div class='ocr_carea' id='block_1_19' title="bbox 1298 4459 2781 4553">
    <p class='ocr_par' dir='ltr' id='par_1_20' title="bbox 1298 4459 2781 4553">
     <span class='ocr_line' id='line_1_48' title="bbox 1298 4459 2781 4553; baseline 0.011 -36"><span class='ocrx_word' id='word_1_269' title='bbox 1298 4459 1650 4542; x_wconf 83' lang='lat' dir='ltr'><strong>arripiente</strong></span> <span class='ocrx_word' id='word_1_270' title='bbox 1705 4460 1923 4525; x_wconf 79' lang='lat' dir='ltr'><strong>datum</strong></span> <span class='ocrx_word' id='word_1_271' title='bbox 1962 4464 2311 4531; x_wconf 85' lang='lat' dir='ltr'><strong>Valeriano</strong></span> <span class='ocrx_word' id='word_1_272' title='bbox 2355 4469 2695 4553; x_wconf 68' lang='lat' dir='ltr'><strong>negotium</strong></span> <span class='ocrx_word' id='word_1_273' title='bbox 2741 4490 2781 4534; x_wconf 72' lang='lat' dir='ltr'><strong>a</strong></span> 
     </span>
    </p>
   </div>
   <div class='ocr_carea' id='block_1_20' title="bbox 2848 3037 4397 3954">
    <p class='ocr_par' dir='ltr' id='par_1_21' title="bbox 2890 3037 4397 3954">
     <span class='ocr_line' id='line_1_49' title="bbox 2902 3037 4397 3142; baseline -0.006 -25"><span class='ocrx_word' id='word_1_274' title='bbox 2902 3054 3359 3134; x_wconf 73' lang='lat' dir='ltr'><strong>Treboniam,</strong></span> <span class='ocrx_word' id='word_1_275' title='bbox 3434 3071 3508 3123; x_wconf 86' lang='lat' dir='ltr'><strong>ut</strong></span> <span class='ocrx_word' id='word_1_276' title='bbox 3559 3056 4031 3142; x_wconf 68' lang='lat' dir='ltr'><strong>perduellem,</strong></span> <span class='ocrx_word' id='word_1_277' title='bbox 4072 3047 4271 3115; x_wconf 84' lang='lat' dir='ltr'><strong>armis</strong></span> <span class='ocrx_word' id='word_1_278' title='bbox 4326 3037 4397 3104; x_wconf 78' lang='lat' dir='ltr'><strong>ad</strong></span> 
     </span>
     <span class='ocr_line' id='line_1_50' title="bbox 2899 3143 4397 3240; baseline -0.008 -20"><span class='ocrx_word' id='word_1_279' title='bbox 2899 3156 3287 3240; x_wconf 86' lang='lat' dir='ltr'><strong>obsequium</strong></span> <span class='ocrx_word' id='word_1_280' title='bbox 3308 3172 3698 3233; x_wconf 63' lang='lat' dir='ltr'><strong>sevocaret.</strong></span> <span class='ocrx_word' id='word_1_281' title='bbox 3777 3162 3875 3220; x_wconf 86' lang='lat' dir='ltr'><strong>Et</strong></span> <span class='ocrx_word' id='word_1_282' title='bbox 3922 3150 4242 3238; x_wconf 84' lang='lat' dir='ltr'><strong>magnum</strong></span> <span class='ocrx_word' id='word_1_283' title='bbox 4284 3143 4397 3226; x_wconf 77' lang='lat' dir='ltr'><strong>jam</strong></span> 
     </span>
     <span class='ocr_line' id='line_1_51' title="bbox 2896 3244 4389 3340; baseline -0.01 -21"><span class='ocrx_word' id='word_1_284' title='bbox 2896 3257 3161 3340; x_wconf 86' lang='lat' dir='ltr'><strong>quidem</strong></span> <span class='ocrx_word' id='word_1_285' title='bbox 3196 3259 3560 3323; x_wconf 83' lang='lat' dir='ltr'><strong>exercitum</strong></span> <span class='ocrx_word' id='word_1_286' title='bbox 3612 3260 3683 3321; x_wconf 91' lang='lat' dir='ltr'><strong>in</strong></span> <span class='ocrx_word' id='word_1_287' title='bbox 3710 3257 4010 3322; x_wconf 81' lang='lat' dir='ltr'><strong>Rhaetia</strong></span> <span class='ocrx_word' id='word_1_288' title='bbox 4057 3267 4128 3316; x_wconf 92' lang='lat' dir='ltr'><strong>et</strong></span> <span class='ocrx_word' id='word_1_289' title='bbox 4163 3244 4389 3313; x_wconf 85' lang='lat' dir='ltr'><strong>Norico</strong></span> 
     </span>
     <span class='ocr_line' id='line_1_52' title="bbox 2899 3344 4391 3437; baseline -0.013 -15"><span class='ocrx_word' id='word_1_290' title='bbox 2899 3372 3355 3437; x_wconf 77' lang='lat' dir='ltr'><strong>contraxerat3</strong></span> <span class='ocrx_word' id='word_1_291' title='bbox 3425 3382 3658 3427; x_wconf 80' lang='lat' dir='ltr'><strong>verum</strong></span> <span class='ocrx_word' id='word_1_292' title='bbox 3738 3359 4019 3433; x_wconf 85' lang='lat' dir='ltr'><strong>audito,</strong></span> <span class='ocrx_word' id='word_1_293' title='bbox 4101 3344 4391 3415; x_wconf 81' lang='lat' dir='ltr'><strong>Aemilia·</strong></span> 
     </span>
     <span class='ocr_line' id='line_1_53' title="bbox 2894 3448 4383 3542; baseline -0.012 -11"><span class='ocrx_word' id='word_1_294' title='bbox 2894 3479 3052 3520; x_wconf 74' lang='lat' dir='ltr'><strong>num</strong></span> <span class='ocrx_word' id='word_1_295' title='bbox 3096 3459 3228 3541; x_wconf 77' lang='lat' dir='ltr'><strong>J&#39;am</strong></span> <span class='ocrx_word' id='word_1_296' title='bbox 3283 3462 3455 3526; x_wconf 75' lang='lat' dir='ltr'><strong>viam</strong></span> <span class='ocrx_word' id='word_1_297' title='bbox 3514 3463 3584 3524; x_wconf 89' lang='lat' dir='ltr'><strong>in</strong></span> <span class='ocrx_word' id='word_1_298' title='bbox 3629 3462 3889 3525; x_wconf 87' lang='lat' dir='ltr'><strong>Italiam</strong></span> <span class='ocrx_word' id='word_1_299' title='bbox 3953 3448 4383 3542; x_wconf 63' lang='lat' dir='ltr'><strong>praecepisse»</strong></span> 
     </span>
     <span class='ocr_line' id='line_1_54' title="bbox 2894 3548 4384 3646; baseline -0.011 -25"><span class='ocrx_word' id='word_1_300' title='bbox 2894 3557 3036 3621; x_wconf 82' lang='lat' dir='ltr'><strong>sive</strong></span> <span class='ocrx_word' id='word_1_301' title='bbox 3085 3559 3427 3645; x_wconf 87' lang='lat' dir='ltr'><strong>desperata</strong></span> <span class='ocrx_word' id='word_1_302' title='bbox 3469 3564 3691 3646; x_wconf 84' lang='lat' dir='ltr'><strong>ignavi</strong></span> <span class='ocrx_word' id='word_1_303' title='bbox 3731 3554 4155 3626; x_wconf 86' lang='lat' dir='ltr'><strong>Treboniani</strong></span> <span class='ocrx_word' id='word_1_304' title='bbox 4192 3548 4384 3614; x_wconf 80' lang='lat' dir='ltr'><strong>salute</strong></span> 
     </span>
     <span class='ocr_line' id='line_1_55' title="bbox 2893 3660 4379 3747; baseline -0.008 -21"><span class='ocrx_word' id='word_1_305' title='bbox 2893 3660 3173 3743; x_wconf 78' lang='lat' dir='ltr'><strong>Augusti</strong></span> <span class='ocrx_word' id='word_1_306' title='bbox 3218 3664 3361 3746; x_wconf 87' lang='lat' dir='ltr'><strong>ipse</strong></span> <span class='ocrx_word' id='word_1_307' title='bbox 3407 3665 3669 3727; x_wconf 88' lang='lat' dir='ltr'><strong>titulum</strong></span> <span class='ocrx_word' id='word_1_308' title='bbox 3714 3664 3932 3747; x_wconf 83' lang='lat' dir='ltr'><strong>capit,</strong></span> <span class='ocrx_word' id='word_1_309' title='bbox 3996 3664 4084 3725; x_wconf 86' lang='lat' dir='ltr'><strong>de</strong></span> <span class='ocrx_word' id='word_1_310' title='bbox 4128 3673 4251 3741; x_wconf 82' lang='lat' dir='ltr'><strong>qua</strong></span> <span class='ocrx_word' id='word_1_311' title='bbox 4290 3664 4379 3709; x_wconf 63' lang='grc' dir='ltr'><strong>τί·</strong></span> 
     </span>
     <span class='ocr_line' id='line_1_56' title="bbox 2893 3742 4379 3844; baseline -0.007 -20"><span class='ocrx_word' id='word_1_312' title='bbox 2893 3761 3073 3824; x_wconf 91' lang='lat' dir='ltr'><strong>tione</strong></span> <span class='ocrx_word' id='word_1_313' title='bbox 3116 3777 3186 3827; x_wconf 90' lang='lat' dir='ltr'><strong>et</strong></span> <span class='ocrx_word' id='word_1_314' title='bbox 3229 3764 3461 3828; x_wconf 88' lang='lat' dir='ltr'><strong>ordine</strong></span> <span class='ocrx_word' id='word_1_315' title='bbox 3505 3784 3734 3829; x_wconf 83' lang='lat' dir='ltr'><strong>rerum</strong></span> <span class='ocrx_word' id='word_1_316' title='bbox 3785 3785 3864 3828; x_wconf 89' lang='lat' dir='ltr'><strong>ac</strong></span> <span class='ocrx_word' id='word_1_317' title='bbox 3922 3753 4249 3844; x_wconf 89' lang='lat' dir='ltr'><strong>temporis</strong></span> <span class='ocrx_word' id='word_1_318' title='bbox 4295 3742 4379 3809; x_wconf 76' lang='lat' dir='ltr'><strong>vi·</strong></span> 
     </span>
     <span class='ocr_line' id='line_1_57' title="bbox 2848 3851 4372 3954; baseline -0.016 -12.348"><span class='ocrx_word' id='word_1_319' title='bbox 2848 3861 3013 3940; x_wconf 86' lang='lat' dir='ltr'><strong>de,</strong></span> <span class='ocrx_word' id='word_1_320' title='bbox 3077 3883 3243 3947; x_wconf 84' lang='lat' dir='ltr'><strong>quae</strong></span> <span class='ocrx_word' id='word_1_321' title='bbox 3288 3888 3484 3950; x_wconf 82' lang='lat' dir='ltr'><strong>supra</strong></span> <span class='ocrx_word' id='word_1_322' title='bbox 3538 3866 3610 3930; x_wconf 89' lang='lat' dir='ltr'><strong>in</strong></span> <span class='ocrx_word' id='word_1_323' title='bbox 3648 3866 3803 3931; x_wconf 83' lang='lat' dir='ltr'><strong>trib.</strong></span> <span class='ocrx_word' id='word_1_324' title='bbox 3846 3872 4183 3954; x_wconf 82' lang='lat' dir='ltr'><strong>potestate</strong></span> <span class='ocrx_word' id='word_1_325' title='bbox 4226 3851 4372 3912; x_wconf 64' lang='lat' dir='ltr'><strong>Tre·</strong></span> 
     </span>
    </p>
   </div>
   <div class='ocr_carea' id='block_1_21' title="bbox 2888 3962 3535 4052">
    <p class='ocr_par' dir='ltr' id='par_1_22' title="bbox 2888 3962 3535 4052">
     <span class='ocr_line' id='line_1_58' title="bbox 2888 3962 3535 4052; baseline 0.002 -24"><span class='ocrx_word' id='word_1_326' title='bbox 2888 3962 3156 4029; x_wconf 81' lang='lat' dir='ltr'><strong>boniani</strong></span> <span class='ocrx_word' id='word_1_327' title='bbox 3192 3964 3535 4052; x_wconf 77' lang='lat' dir='ltr'><strong>disputavi.</strong></span> 
     </span>
    </p>
   </div>
   <div class='ocr_carea' id='block_1_22' title="bbox 2896 4171 4357 4456">
    <p class='ocr_par' dir='ltr' id='par_1_23' title="bbox 2896 4171 4357 4456">
     <span class='ocr_line' id='line_1_59' title="bbox 3242 4171 4059 4252; baseline -0.003 -18"><span class='ocrx_word' id='word_1_328' title='bbox 3242 4171 3316 4234; x_wconf 81' lang='lat' dir='ltr'><strong>V·</strong></span> <span class='ocrx_word' id='word_1_329' title='bbox 3355 4171 3421 4234; x_wconf 78' lang='lat' dir='ltr'><strong>C.</strong></span> <span class='ocrx_word' id='word_1_330' title='bbox 3452 4178 3644 4252; x_wconf 73' lang='grc'><strong><em>’1006</em></strong></span> <span class='ocrx_word' id='word_1_331' title='bbox 3682 4174 3754 4235; x_wconf 80' lang='grc' dir='ltr'><strong>Ρ.</strong></span> <span class='ocrx_word' id='word_1_332' title='bbox 3789 4172 4059 4236; x_wconf 74' lang='lat' dir='ltr'><strong>X.253</strong></span> 
     </span>
     <span class='ocr_line' id='line_1_60' title="bbox 2984 4258 4285 4337; baseline -0.005 -5"><span class='ocrx_word' id='word_1_333' title='bbox 2984 4269 3676 4336; x_wconf 33' lang='lat' dir='ltr'><strong>TRNPCOSUDES</strong></span> <span class='ocrx_word' id='word_1_334' title='bbox 3720 4258 4285 4337; x_wconf 45' lang='lat' dir='ltr'><em>IIWPMPP·</em></span> 
     </span>
     <span class='ocr_line' id='line_1_61' title="bbox 2896 4354 4357 4456; baseline -0.007 -20"><span class='ocrx_word' id='word_1_335' title='bbox 2896 4372 2961 4433; x_wconf 76' lang='lat' dir='ltr'><strong>C·</strong></span> <span class='ocrx_word' id='word_1_336' title='bbox 2996 4373 3139 4435; x_wconf 70' lang='lat' dir='ltr'><strong>Vib-</strong></span> <span class='ocrx_word' id='word_1_337' title='bbox 3179 4372 3531 4437; x_wconf 51' lang='lat' dir='ltr'><strong>Volusiano</strong></span> <span class='ocrx_word' id='word_1_338' title='bbox 3579 4377 3750 4456; x_wconf 86' lang='lat' dir='ltr'><strong>Any.</strong></span> <span class='ocrx_word' id='word_1_339' title='bbox 3791 4377 3920 4450; x_wconf 63' lang='lat'><strong>11„</strong></span> <span class='ocrx_word' id='word_1_340' title='bbox 3990 4373 4078 4434; x_wconf 82' lang='grc' dir='ltr'><strong>Μ.</strong></span> <span class='ocrx_word' id='word_1_341' title='bbox 4123 4354 4357 4428; x_wconf 71' lang='lat' dir='ltr'><strong>Vakm’</strong></span> 
     </span>
    </p>
   </div>
   <div class='ocr_carea' id='block_1_23' title="bbox 3473 4479 3809 4539">
    <p class='ocr_par' dir='ltr' id='par_1_24' title="bbox 3473 4479 3809 4539">
     <span class='ocr_line' id='line_1_62' title="bbox 3473 4479 3809 4539; baseline 0 0"><span class='ocrx_word' id='word_1_342' title='bbox 3473 4479 3655 4539; x_wconf 64' lang='lat' dir='ltr'><strong>Max.</strong></span> <span class='ocrx_word' id='word_1_343' title='bbox 3680 4497 3809 4539; x_wconf 72' lang='lat' dir='ltr'><strong>cos.</strong></span> 
     </span>
    </p>
   </div>
   <div class='ocr_carea' id='block_1_24' title="bbox 2532 4631 4396 4748">
    <p class='ocr_par' dir='ltr' id='par_1_25' title="bbox 2532 4631 4396 4748">
     <span class='ocr_line' id='line_1_63' title="bbox 2532 4631 4396 4748; baseline 0.006 -18"><span class='ocrx_word' id='word_1_344' title='bbox 2532 4672 2599 4748; x_wconf 89' lang='lat' dir='ltr'><strong>b)</strong></span> <span class='ocrx_word' id='word_1_345' title='bbox 2638 4674 2895 4734; x_wconf 84' lang='lat' dir='ltr'><strong>Trebell.</strong></span> <span class='ocrx_word' id='word_1_346' title='bbox 2932 4675 2998 4734; x_wconf 88' lang='lat' dir='ltr'><strong>in</strong></span> <span class='ocrx_word' id='word_1_347' title='bbox 3032 4674 3371 4739; x_wconf 74' lang='lat' dir='ltr'><strong>Valeriano.</strong></span> <span class='ocrx_word' id='word_1_348' title='bbox 4391 4631 4396 4637; x_wconf 23' lang='grc' dir='ltr'>ι</span> 
     </span>
    </p>
   </div>
   <div class='ocr_carea' id='block_1_25' title="bbox 1382 4664 2386 4745">
    <p class='ocr_par' dir='ltr' id='par_1_26' title="bbox 1382 4664 2386 4745">
     <span class='ocr_line' id='line_1_64' title="bbox 1382 4664 2386 4745; baseline 0.007 -25"><span class='ocrx_word' id='word_1_349' title='bbox 1382 4673 1446 4739; x_wconf 79' lang='lat' dir='ltr'><strong>a)</strong></span> <span class='ocrx_word' id='word_1_350' title='bbox 1487 4664 1790 4742; x_wconf 86' lang='lat' dir='ltr'><strong>Subplem.</strong></span> <span class='ocrx_word' id='word_1_351' title='bbox 1831 4667 1909 4724; x_wconf 87' lang='lat' dir='ltr'><strong>ad</strong></span> <span class='ocrx_word' id='word_1_352' title='bbox 1948 4668 2120 4728; x_wconf 73' lang='lat' dir='ltr'><strong>Vaill.</strong></span> <span class='ocrx_word' id='word_1_353' title='bbox 2158 4691 2220 4745; x_wconf 87' lang='lat' dir='ltr'><strong>p.</strong></span> <span class='ocrx_word' id='word_1_354' title='bbox 2263 4681 2386 4735; x_wconf 78' lang='lat'><strong>188.</strong></span> 
     </span>
    </p>
   </div>
   <div class='ocr_carea' id='block_1_26' title="bbox 362 5725 4561 5937">
    <p class='ocr_par' dir='ltr' id='par_1_27' title="bbox 362 5725 4561 5937">
     <span class='ocr_line' id='line_1_65' title="bbox 362 5725 4561 5937; baseline 0 0"><span class='ocrx_word' id='word_1_355' title='bbox 362 5725 4561 5937; x_wconf 95' lang='lat' dir='ltr'><strong> </strong></span> 
     </span>
    </p>
   </div>
  </div>
 </body>
</html>
