4652 5937
1682 208 1713 241 l

1124 508 1207 581 L.
1312 500 1974 580 SEPTIMIVS
2076 502 2649 579 SEVERVS.

1083 691 1124 731 θ

319 796 406 857 A.
613 736 1038 861 SEVFRQS.
1083 734 1551 868 P1V5.‚AVG.
1627 794 1831 875 Caput

412 888 421 897 ’
619 900 980 958 laureatum
1015 900 1089 958 in
1118 902 1263 961 AV.
1300 903 1442 963 AR.
1477 903 1621 961 ΑΕ.

320 999 419 1059 Β..
618 998 932 1063 SEVER.
965 1001 1038 1059 P.
1088 1001 1289 1066 AVG.
1330 1003 1407 1064 P.
1443 1002 1533 1063 Μ.
1582 999 1719 1058 ΤΒ.
1749 1000 1827 1060 Ρ.

617 1099 697 1160 X.
730 1099 920 1163 COS.
964 1102 1077 1165 111.
1129 1105 1331 1183 Caput
1366 1107 1724 1166 laureatum
1759 1104 1833 1162 in

626 1206 770 1264 AV·
815 1207 954 1264 AB.

337 1305 416 1363 C.
622 1304 1046 1371 SEVERVS.
1114 1305 1330 1372 PIVS.
1373 1305 1572 1373 AVG.
1618 1303 1694 1363 P.
1742 1304 1833 1362 M.

631 1407 769 1467 ΤΒ.
785 1408 861 1472 Ρ.
879 1405 959 1468 X.
998 1410 1201 1486 Caput
1232 1411 1591 1471 laureatum
1608 1408 1679 1467 in
1692 1406 1845 1467 AB..

1072 1508 1112 1547 ’κ

638 1612 723 1671 Vt
763 1614 859 1672 lie.
899 1550 976 1675 ᾗ.
1027 1584 1036 1593 ’
1238 1550 1277 1590 *

340 1708 732 1775 ADVENT.
779 1712 1038 1780 AVGG.
1116 1716 1395 1777 Severus.-
1412 1757 1429 1789 ,
1478 1715 1837 1805 Caaeycalla,

347 1812 520 1871 Geta
551 1812 621 1871 t‘n
640 1816 822 1894 equis
838 1858 856 1889 ,
902 1820 1185 1879 dexteris
1202 1837 1448 1879 sursum
1468 1818 1676 1879 elatis.
1699 1815 1840 1881 AV.

348 1912 548 1987 (Mus.
587 1913 799 1994 Caes.)

347 2019 740 2181 ADVENp'if.
767 2020 1062 2188 ''XV‘an
1144 2122 1419 2183 Severus
1482 2125 1672 2202 eques
1686 2161 1705 2194 ‚
1777 2122 1839 2179 d·

351 2217 530 2276 elata
553 2260 569 2289 ,
617 2238 669 2278 s.
704 2220 955 2282 hastam
974 2267 990 2298 ‚
1070 2226 1283 2303 styma
1318 2224 1591 2283 militari
1618 2241 1844 2304 equum

302 2406 319 2414 β
353 2319 644 2381 ducente.
684 2322 824 2384 AR.
873 2327 1064 2395 (Mus.
1103 2325 1312 2400 Caes.)

644 2421 1242 2488 CONCORDIAE.
1345 2424 1867 2488 AETERNAE·

648 2527 871 2603 Capita
905 2532 1147 2607 sufflata
1163 2572 1179 2601 ,
1239 2530 1465 2589 Severi
1504 2531 1848 2602 radiatum,

382 2692 387 2697 .
641 2626 928 2688 Bomnae
956 2633 1317 2707 impositum
1348 2632 1560 2695 lunae.

357 2721 694 2788 ANTON.
724 2727 800 2786 P.
837 2729 1044 2796 AV&
1072 2731 1274 2794 PON.
1309 2733 1532 2793 TR.P.
1552 2731 1633 2798 V.
1656 2728 1848 2793 COS.

361 2827 570 2902 Caput
604 2810 993 2892 caracallae*
1014 2835 1390 2894 laureatum.
1453 2836 1595 2901 AV.
1654 2834 1847 2923 (Mus.

357 2926 574 3005 caes.)
652 2928 725 2990 In
790 2930 963 2996 alio:
1039 2917 1568 3003 ANTONINVSI
1632 2935 1847 3004 Plvs.

354 3029 562 3096 AVG.
589 3034 990 3108 Caputidem.
1015 3035 1151 3096 AR.
1169 3041 1358 3116 (Mus.
1384 3035 1850 3128 Com..Vit3ai.)

488 3129 926 3198 Concordiam
964 3150 1335 3216 aeternam,
1381 3160 1572 3226 quam
1613 3137 1851 3201 eodem

357 3231 491 3298 hoc
567 3248 872 3322 tempore
936 3259 1126 3303 causa
1202 3239 1600 3304 matrimonii
1662 3243 1854 3302 Cara-

360 3338 571 3416 calla,
616 3353 684 3401 et
712 3340 1021 3403 Plautilla
1046 3356 1403 3418 voverunt,
1471 3333 1756 3406 Severus
1786 3354 1853 3404 et

359 3444 626 3504 Domna
696 3443 1033 3527 proposita
1105 3444 1228 3507 hac
1289 3446 1517 3527 capitis
1580 3445 1856 3524 inscrip-

357 3547 546 3608 tione
588 3562 915 3606 renovare
965 3544 1290 3607 videntur.
1336 3548 1469 3607 Iam
1523 3566 1721 3623 vero,
1782 3561 1855 3609 ut

363 3646 730 3730 epigraphe
778 3648 1068 3724 anticae,
1114 3646 1204 3708 ita
1241 3658 1308 3709 et
1355 3647 1638 3729 capitum
1676 3647 1746 3708 in
1783 3667 1861 3710 ea

367 3746 588 3811 cultus
649 3746 964 3811 hactenus
1037 3748 1400 3810 inusitatus.
1510 3748 1858 3812 Radiatum

365 3849 689 3933 principis
728 3851 864 3915 vivi
911 3864 1103 3934 caput
1138 3849 1267 3932 jam
1318 3850 1473 3912 inde
1520 3874 1561 3913 a
1596 3853 1863 3914 Nerone

370 3943 680 4030 obvium,
740 3965 805 4015 at
858 3974 1188 4036 nunquam
1251 3951 1464 4015 adhuc
1518 3952 1584 4013 in
1648 3953 1864 4016 numia

372 4053 628 4130 aureis,
677 4067 758 4144 ‚et
805 4046 1155 4139 argenteis.
1253 4056 1485 4137 Neque
1530 4057 1863 4150 Augustae

374 4168 574 4237 caput
644 4156 1023 4240 impositum
1086 4156 1320 4230 lunae,
1406 4155 1581 4239 quod
1636 4155 1861 4217 tritum

373 4255 691 4341 deinceps
740 4259 806 4319 in
840 4261 1284 4340 Augustarum
1331 4273 1431 4320 est
1456 4260 1706 4332 numia,
1765 4279 1869 4317 us-

374 4380 504 4443 que
562 4360 761 4422 modo
816 4361 886 4420 in
941 4357 1156 4418 numis
1204 4345 1528 4422 'Romanis
1598 4377 1868 4442 conspe-

375 4473 584 4524 ctum.
695 4464 783 4524 Et
838 4457 1122 4544 placuit,
1185 4458 1364 4521 istud
1427 4462 1866 4544 Augustorum

373 4586 497 4649 par
546 4564 771 4648 specie
825 4563 1001 4626 Solis
1076 4573 1143 4623 et
1186 4565 1410 4623 Lunae
1467 4580 1862 4645 proponere,

3288 537 3426 602 181

1941 687 2246 772 quoniam
2297 687 2463 751 haec
2501 703 2671 753 astra
2719 706 2984 758 aeterna
3020 698 3309 777 credita,
3369 719 3438 768 et

1940 791 2292 852 aeternitas
2340 790 2497 875 ipsis
2546 794 2741 856 etiam
2785 798 3097 879 Augustis
3154 815 3265 862 aut
3328 805 3448 867 ad-‘

1942 888 2263 967 ficta‚aut
2299 907 2472 957 vota.
2519 895 2629 958 Sic
2674 896 2740 957 in
2786 903 3123 981 praeclara
3164 903 3439 992 inscrip-

1945 992 2126 1054 tione
2166 995 2436 1060 Gruteri
2471 998 2590 1080 ⁸),·
2628 1021 2793 1086 quae
2840 1002 3217 1086 cumprimis
3271 1006 3436 1072 haec

1944 1108 2168 1158 nostra
2253 1097 2576 1174 illustrat,
2653 1100 2931 1185 legitur:
3010 1104 3232 1167 SOLI.
3295 1110 3444 1171 AE-

1948 1199 2275 1262 TERNO.
2354 1202 2670 1285 LVNAE.
2745 1204 2950 1268 PRO.
3025 1206 3446 1273 AETERNI·

1936 1298 2211 1361 ’ΤΑΤΕ.
2247 1302 2602 1365 IMPERII.
2653 1307 3209 1377 ET.,SALV'1·E.
3262 1313 3442 1376 IMP.

1952 1400 2061 1463 CA
2118 1434 2147 1450 -
2203 1433 2231 1448 ·
2293 1403 2720 1471 SEPTIMII.
2770 1408 3110 1475 SEVERI.
3176 1426 3302 1474 etc.
3374 1415 3445 1477 in

1950 1502 2073 1564 alia
2105 1499 2205 1584 b),
2251 1507 2575 1571 LVNAE.
2609 1511 2923 1570 AETER.
2966 1511 3204 1575 SACR.
3237 1516 3443 1580 PRO.

1955 1602 2321 1673 SALVTE.
2382 1610 2555 1669 ΙΜΡ.
2624 1612 2885 1673 CAES.-
2932 1613 3007 1673 L.
3063 1616 3445 1684 SEPTIMI:

1957 1703 2146 1774 SEV.
2190 1722 2318 1771 etc.
2363 1710 2466 1769 Ex
2513 1710 2615 1772 his
2647 1713 3082 1775 marmoribus
3125 1708 3446 1796 videmus,

1958 1819 2025 1867 et
2083 1807 2226 1869 Soli
2292 1810 2652 1895 Lunaeque
2712 1814 2912 1875 tribui
2972 1820 3448 1899 aeternitatem,

1958 1921 2026 1969 et
2077 1910 2388 1991 Augustis
2449 1915 2697 1975 voveri.
2781 1916 3069 1979 Dubium
3136 1940 3268 1981 non
3327 1922 3448 1997 est,

1958 2008 2126 2072 hanc
2155 2012 2488 2075 Romanos
2519 2015 2872 2100 imaginem
2902 2040 2936 2079 a
2960 2021 3291 2090 veteribus
3323 2027 3454 2091 Ae»-

1962 2108 2201 2194 gyptiis
2270 2111 2475 2179 fuisse
2539 2130 2884 2180 mutuatos.
2991 2122 3191 2183 Teste
3257 2127 3447 2190 Horo

1958 2211 2269 2296 Apolline
2321 2215 2667 2297 conjuncta
2703 2219 2875 2279 Solis
2915 2233 2981 2281 et
3019 2221 3243 2284 Lunae
3277 2239 3451 2289 astra

1962 2312 2031 2374 in
2074 2314 2385 2397 ‘glypbica
2423 2319 2896 2401 Aegyptiorum
2954 2320 3174 2405 lingua
3210 2328 3452 2389 constib

1962 2426 2231 2477 tuerunt
2270 2416 2703 2495 elementum,
2761 2420 2939 2503 quod
2973 2420 3190 2502 εὶιωνα,
3236 2450 3454 2492 saecu·

1965 2519 2131 2593 lum,
2192 2538 2451 2597 aevum,
2512 2525 2954 2585 aeternitatem
3004 2524 3267 2591 indicat.
3336 2534 3456 2592 Ar-

1950 2632 2349 2699 gumentum
2402 2622 2574 2684 istud
2607 2624 2973 2685 illustratur
3009 2626 3204 2689 etiam
3252 2652 3457 2695 numo

1969 2718 2264 2800 Traiani,
2331 2744 2525 2806 quem
2579 2723 2899 2809 descripsi
2945 2727 3011 2787 in
3044 2729 3185 2809 ejus
3241 2735 3456 2795 numi's

1966 2821 2148 2902 vagis
2201 2827 2575 2908 consulatus
2607 2829 2689 2896 V.
2712 2870 2729 2902 ,
2801 2827 2866 2889 in
2940 2828 3122 2910 cujus
3188 2850 3453 2897 aversa:

1964 2920 2165 2983 AE'r.
2199 2925 2400 2994 AVG.
2442 2933 2676 2993 Mulier
2713 2939 2892 2991 stans
2927 2934 2986 2992 d.
3026 2944 3221 3013 caput
3254 2934 3460 3012 Solis,

1966 3043 2017 3082 s.
2069 3028 2321 3102 Lunae,
2395 3030 2704 3092 nimirum
2758 3033 3023 3116 Trajani
3065 3037 3454 3099 aeternitate

1968 3126 2252 3188 aeternis
2286 3130 2460 3193 Solis
2495 3147 2558 3194 et
2579 3134 2804 3195 Lunae
2837 3136 3025 3197 astris
3055 3135 3454 3201 adumbrata.

1970 3226 2193 3321 Quare
2212 3233 2756 3315 quemadmodum
2773 3235 2937 3300 haec
2960 3238 3174 3299 sidera
3190 3253 3338 3301 sunt
3355 3257 3463 3302 ae·

1969 3344 2188 3407 terna,
2222 3332 2308 3393 ita
2348 3353 2575 3395 eorum
2597 3337 2778 3396 cultu
2797 3338 3048 3400 Severo
3084 3354 3145 3399 et
3164 3339 3461 3404 Domnae

1969 3432 2388 3496 commodato
2462 3435 2800 3520 utriusque
2878 3440 3466 3538 ο(ΣΟΝΟΟΒΙΠΑΜ

1970 3534 2462 3596 AETERNAM
2522 3535 2807 3600 futuram
2870 3556 3227 3622 auguratur
3284 3557 3464 3605 vates

1975 3637 2396 3698 monetarius.
2459 3641 2792 3703 Hactenus
2824 3642 3173 3704 aeternitas
3230 3644 3294 3704 in
3338 3646 3468 3706 Au-

1978 3738 2185 3820 gustis
2218 3739 2546 3816 attributi,
2612 3755 2721 3804 aut
2761 3743 2980 3805 verius
3025 3745 3162 3807 voti
3199 3746 3468 3809 modum

1977 3837 2242 3916 habuit3
2324 3853 2390 3903 at
2464 3861 2774 3904 successu
2847 3846 3164 3928 temporis
3235 3869 3468 3912 verum

1979 3959 2224 4004 nomen
2264 3941 2506 4019 evasit,
2570 3963 2784 4028 eoque
2815 3946 3094 4030 Augusti
3145 3967 3268 4030 per
3314 3949 3469 4011 adu-

1981 4042 2290 4104 lationem
2379 4038 2764 4126 compellari
2833 4065 3257 4110 consuevere.
3373 4050 3469 4113 Ita

1983 4142 2412 4224 Symmachus
2475 4145 2771 4207 scribens
2817 4145 2900 4209 ad
2938 4139 3470 4216 Valentinianum

1980 4244 2306 4327 juniorem
2333 4291 2350 4320 ‚
2413 4251 2643 4322 multa,
2706 4246 2832 4325 ait,
2915 4252 3239 4312 Victoriae
3291 4254 3479 4314 debet

1950 4352 2107 4413 -ΑΕ
2118 4351 2564 4413 TERNITAS
2598 4360 2845 4424 vestra,
2918 4359 2983 4412 et
3027 4355 3234 4414 adhuc
3271 4357 3467 4430 plum

1982 4456 2252 4515 debebit.
2339 4452 2424 4514 Et
2470 4449 2537 4514 S.
2594 4451 2977 4513 Athanasius
3026 4452 3199 4538 apud
3263 4454 3471 4516 Sozo-

1984 4579 2249 4622 menum
2279 4560 2340 4641 c)
2401 4552 2757 4640 exprobrat
2800 4553 2943 4616 Arii
3001 4553 3462 4628 sectatoribus,

398 4695 3459 4740 ...J—m

455 4802 516 4867 a)
557 4798 693 4873 Pag-
729 4806 935 4860 3210.
1084 4791 1152 4864 b)
1194 4793 1328 4867 Pag.
1362 4797 1451 4852 42.
1492 4802 1545 4850 2.

1697 4791 1757 4860 c)
1800 4787 1863 4844 L.
1893 4786 2003 4862 lv.
2039 4806 2087 4845 c.
2122 4799 2203 4849 17.
