4652 5937
1322 388 1457 463 14&
2096 373 2177 446 P.
2281 370 2803 447 HELVIVS

1321 556 1679 622 PROVID.
1717 555 1989 619 DEOR.
2027 555 2216 619 COS.
2249 559 2330 617 11.
2377 561 2610 621 Mulier
2632 569 2813 623 stans

1323 662 1652 720 dexteram
1680 677 1897 719 versus
1933 660 2190 737 qlobum
2218 663 2546 721 radiatum
2578 665 2647 721 in
2666 667 2815 724 aere

1317 762 1662 838 pendulum
1683 762 1981 838 pov-riqiz.
2027 759 2169 825 AV.
2191 758 2329 821 AR.
2377 762 2575 839 (Mus.
2596 764 2814 845 Caes.)

1323 861 1462 921 AE.
1500 861 1547 918 1.
1600 859 1946 941 (Reginae.
1986 860 2211 941 Suec.)
2466 853 2470 858 ’

1618 963 1703 1020 Vt
1742 963 1838 1020 lit.
1874 966 1955 1021 A.

1324 1057 2015 1146 rnovmssNTmE.
2059 1027 2464 1132 mmmm.
2512 1065 2699 1132 cos
2723 1069 2810 1128 11.

1327 1165 1561 1224 Mulier
1595 1174 1775 1224 stam
1814 1175 2146 1248 utramque
2176 1187 2435 1227 manum
2450 1172 2816 1247 versus-ylo·

1325 1269 1469 1325 bum
1494 1269 1564 1325 in
1598 1285 1745 1325 aere
1756 1270 2101 1341 pendulum
2120 1310 2137 1341 ‚
2183 1273 2301 1330 sed
2319 1288 2449 1329 non
2466 1273 2813 1344 radiatum,

1252 1431 1262 1438 ‚
1316 1370 1613 1445 porriqit.
1676 1368 1812 1426 ΑΕ.
1846 1369 1928 1427 11.
1983 1370 2180 1446 (Mus.
2216 1368 2435 1447 Caes.)

1449 1466 1913 1528 Providentiae
1972 1469 2284 1552 frequens
2340 1468 2468 1548 jam
2515 1469 2669 1531 inde
2733 1470 2812 1532 ab

1321 1570 1616 1650 Augusto
1656 1568 1718 1627 in
1742 1582 2000 1630 moneta
2020 1569 2286 1630 mentio.
2333 1570 2499 1653 Typi
2526 1572 2811 1653 primum

1323 1668 1514 1729 fuere
1546 1690 1687 1744 ara,
1734 1669 2021 1744 fulmen,
2084 1668 2318 1752 aquila.
2401 1671 2627 1733 Serius
2675 1673 2816 1755 glo·

1322 1770 1446 1831 bus
1528 1769 1610 1831 ad
1698 1791 1839 1831 eam
1903 1768 2366 1853 designandam
2426 1773 2816 1855 plerumque

1322 1869 1688 1945 adhibitus,
1723 1872 1834 1952 qui
1863 1870 2040 1933 orbis
2075 1884 2401 1933 terrarum
2425 1916 2442 1948 ,
2490 1876 2815 1940 autetiam

1321 1972 1549 2033 mundi
1639 1973 1837 2034 totius
1909 1972 2126 2054 imago
2204 1987 2323 2034 est.
2418 1975 2669 2037 Plinius
2720 1977 2813 2055 ·)=

1322 2078 1618 2136 Formam
1647 2079 1786 2151 ejus
1830 2073 2116 2154 (munfli)
2180 2078 2249 2136 in
2303 2079 2573 2155 speciem
2639 2080 2813 2139 orbis

1323 2178 1604 2237 absoluti
1625 2178 1957 2254 ylobatam
1987 2197 2127 2237 esse
2146 2220 2163 2251 ‚
2207 2197 2437 2239 nomen
2468 2181 2538 2237 in
2578 2181 2811 2255 primis

1321 2286 1388 2336 et
1435 2295 1774 2337 consensus
1823 2279 1893 2336 in
1928 2296 2001 2338 eo
2035 2280 2400 2344 mortalium
2434 2281 2643 2338 orbem
2696 2267 2807 2356 ab·

1312 2378 1693 2452 pellentium
1714 2419 1730 2449 ‚
1793 2380 1910 2437 sed
1944 2387 2008 2437 et
2035 2389 2409 2456 aryumenta
2454 2399 2661 2439 rerum
2700 2385 2810 2440 do-

1316 2487 1490 2551 cent,
1537 2477 1603 2538 et
1636 2476 1912 2538 Ovidius
1943 2472 2049 2555 b):
2116 2465 2319 2539 Terra‘
2338 2482 2520 2557 pilae
2550 2483 2805 2541 similis.

1313 2578 1446 2640 Hic
1487 2575 1651 2639 adeo
1706 2576 1940 2660 globus
1989 2577 2218 2638 orbem
2256 2591 2584 2641 terrarum
2631 2581 2807 2662 prin-

1318 2678 1572 2760 cipibus
1632 2678 1906 2740 deorum
1953 2679 2365 2760 providentia
2410 2681 2803 2762 permissum

1315 2779 1601 2854 indicat,
1649 2792 1841 2861 atque
1865 2778 2036 2841 hunc
2077 2779 2178 2839 illi
2234 2781 2355 2841 hac
2387 2779 2804 2864 significatio-

1310 2898 1399 2939 ne
1430 2899 1623 2959 saepe
1679 2900 1868 2940 manu
1910 2892 2191 2964 gestant,
2243 2880 2547 2963 imposita
2607 2870 2803 2965 saepe

1311 2979 1713 3053 Victoriola,
1793 2984 1860 3041 et
1932 2981 2337 3062 temporibus
2418 2981 2803 3045 Christianis

1314 3097 1549 3154 cruce,
1611 3092 1674 3141 et
1710 3100 1793 3141 ne
1853 3081 1907 3140 is
1954 3080 2234 3165 simplex
2292 3081 2528 3167 globus
2562 3081 2806 3143 intelli-

1314 3195 1628 3262 geretur,
1700 3200 2161 3267 nonnunquam
2231 3184 2421 3246 zonis
2495 3183 2800 3256 ambitur,

1313 3302 1479 3366 quae
1526 3282 1712 3344 zonis
1765 3283 2165 3345 coelestibus
2223 3286 2666 3368 respondent,
2729 3299 2802 3346 ut

1312 3381 1382 3444 in
1410 3382 1693 3467 denariis
1715 3385 2015 3448 Mussidii
2034 3387 2268 3471 Longi.
2312 3388 2507 3450 Hunc
2530 3387 2800 3472 globum

1313 3484 1544 3567 genius
1614 3487 1956 3549 muliebris
2016 3502 2125 3549 aut
2155 3488 2339 3549 humi
2373 3488 2657 3570 positum
2702 3509 2803 3549 ra-

1314 3585 1461 3662 dio,
1508 3588 1612 3649 vel
1645 3587 1889 3653 bacillo
1921 3587 2220 3670 designat
2251 3632 2268 3663 ,
2313 3587 2424 3670 qui
2466 3602 2654 3670 typus
2697 3602 2798 3649 est

1313 3687 1578 3762 obvius,
1656 3699 1799 3762 aut,
1887 3686 2066 3770 quod
2110 3687 2256 3748 fere
2301 3687 2371 3747 in
2429 3688 2795 3751 Pertinacis

1309 3787 1524 3847 numis
1579 3800 1827 3848 tantum
1880 3786 2269 3850 observatur
2279 3832 2304 3891 7
2362 3788 2649 3873 desuper
2678 3790 2796 3852 im-

1312 3887 1581 3948 missum
1601 3888 1925 3969 porrectis
1952 3890 2247 3953 manibus
2273 3890 2536 3955 videtur
2568 3912 2796 3974 accep·

1311 4001 1481 4061 tare,
1541 4001 1607 4049 et
1653 3960 1846 4072 saepe
1908 3989 2172 4073 quidem
2221 3992 2420 4054 radiis
2474 4007 2796 4070 ornatum,

1313 4101 1384 4149 ut
1422 4090 1711 4152 coeleste
1748 4110 1982 4152 munus
2011 4089 2527 4177 intelligeretur.

1876 4234 1917 4274 a*
2040 4192 2079 4232 *
2201 4235 2242 4276 u*

1597 4294 1836 4353 Amica
1871 4298 2132 4356 incerta.

2904 376 3573 460 PERTINAX.

2898 565 3359 666 ‘'SAECVLO.
3388 569 3925 638 FRVGIFERO.
3994 578 4404 641 eaducemin-

2898 671 3026 728 Ἴθι·
3060 673 3293 748 spicas.
3336 673 3475 732 AR.
3521 672 3773 751 (Vaill.)

3059 777 3377 834 annonae
3393 776 3858 837 consultissime
3889 781 4247 854 providisse
4256 782 4408 842 Per·

2932 869 3217 932 tinacem
3242 915 3259 944 .
3302 885 3580 940 testatur
3615 875 4020 959 Capitolinus
4050 879 4107 956 0)
4131 924 4147 952 ,
4208 895 4273 943 et
4301 885 4402 945 rei

2927 970 3394 1037 frumentariae
3452 997 3643 1039 causa
3688 977 4066 1061 profectum
4102 980 4181 1042 ad
4212 1003 4412 1058 mare.

2925 1072 3137 1136 refert
3169 1075 3300 1137 Dio
3331 1078 3417 1156 d).

3219 1279 3303 1338 Vc
3342 1280 3439 1341 lie.
3473 1283 3554 1340 A.
3582 1293 3650 1344 et
3675 1286 3745 1342 B.

2925 1376 3137 1444 VOT.
3180 1379 3562 1441 DECENN.
3612 1386 3749 1447 Tu.
3796 1386 3873 1446 Ρ.
3920 1387 4109 1450 COS.
4156 1390 4233 1449 11.
4291 1395 4415 1451 Im-

2921 1490 3185 1559 perator
3215 1483 3463 1542 velatus
3488 1494 3671 1544 stans
3701 1490 3760 1545 d.
3782 1499 4077 1563 pateram
4114 1512 4300 1569 snper
4312 1497 4423 1552 tn·-

2921 1585 3091 1658 pode
3120 1601 3307 1642 sacra
3332 1584 3533 1661 facit.
3593 1587 3732 1652 AV.
3767 1588 3905 1650 AR.
3934 1592 4071 1652 ΔΕ.
4099 1594 4147 1654 1.
4193 1593 4417 1672 (vain.

2933 1684 3101 1742 Mus.
3142 1683 3324 1744 Caes.
3367 1683 3655 1768 Theup.)
3712 1723 3717 1732 -

3060 1782 3529 1865 Intelliguntur
3585 1800 3737 1850 vota
3787 1789 4056 1854 ineunte
4090 1793 4417 1858 decennio

2931 1882 3014 1946 ad
3049 1882 3191 1968 ejus
3224 1883 3389 1946 felix
3410 1886 3815 1984 curriculum
3845 1911 4164 1980 suscepta.

3288 2053 3554 2116 Divus
3610 2058 4040 2125 Pertinax.

3049 2201 3360 2266 Pertinax
3395 2227 3433 2267 a
3476 2228 3865 2273 successore
3909 2213 4161 2277 Iuliano
4201 2217 4411 2280 alium

2920 2299 3243 2364 honorem
3265 2303 3530 2387 praeter
3568 2313 3943 2394 magnificas
3973 2316 4221 2379 funeris
4255 2337 4419 2381 exe·

2920 2404 3102 2487 quias
3141 2427 3271 2467 non
3329 2422 3429 2470 est
3489 2409 3856 2475 adsecutus.
3927 2418 4015 2478 At
4065 2432 4417 2504 postquam

2918 2503 2974 2563 is
3019 2526 3280 2589 quoque
3337 2529 3374 2569 a
3402 2510 3723 2573 militibus
3768 2515 4067 2579 desertus
4105 2535 4240 2594 est,
4285 2543 4419 2604 per

2919 2619 3213 2667 senatum
3253 2621 3318 2668 et
3346 2613 3660 2693 populum
3691 2614 3759 2675 in
3798 2618 3958 2680 deos
3984 2623 4228 2683 relatus
4257 2623 4413 2686 fuit.

2918 2706 2972 2765 A
3013 2705 3261 2771 Severo
3296 2713 3661 2776 Pertinacis
3699 2715 3873 2779 filius
3919 2723 4120 2802 patris
4164 2721 4417 2786 flamen

2919 2806 3130 2871 sactus
3169 2824 3305 2885 est,
3360 2826 3428 2873 et
3453 2817 3766 2884 Marciani
3805 2819 4095 2896 sodales,
4140 2825 4416 2907 quidivi

2918 2911 3282 2972 M.Aurelii
3318 2931 3497 2977 sacra
3525 2920 3871 2997 curabant,
3916 2923 4223 2986 Helviani
4255 2937 4420 2989 sunt

2918 3011 3098 3074 dicti.
3142 3014 3370 3075 Additi
3403 3018 3746 3082 Circenses
3771 3066 3788 3096 ,
3834 3037 3901 3083 et
3936 3026 4195 3107 imperii
4228 3042 4419 3092 nata-

2915 3112 3022 3188 lis,
3070 3114 3188 3175 sed
3222 3116 3334 3197 qui
3368 3139 3402 3178 a
3425 3119 3673 3183 Severo
3707 3123 3945 3189 sublati
3981 3140 4209 3207 postea
4230 3144 4413 3203 sunt,

2916 3214 3010 3275 sic
3055 3227 3293 3291 tamen,
3340 3231 3412 3280 ut
3440 3236 3779 3283 manerent
3810 3226 4229 3306 genethliaci,
4262 3230 4413 3293 sive

2918 3317 3276 3398 genitalicii
3310 3321 3388 3398 Θ).
3466 3323 3909 3386 Cael-imonias
3933 3325 4002 3386 in
4036 3327 4138 3388 his
4174 3349 4414 3392 conse-

2915 3418 3226 3481 erationis
3273 3422 3649 3484 solennibus
3698 3444 3733 3484 a
3782 3426 4034 3489 Severo
4078 3429 4411 3496 adhibitas

2917 3518 3184 3604 copiose
3217 3517 3531 3585 describit
3566 3507 3693 3588 'Dio
3728 3540 3994 3612 autopta
4040 3525 4113 3612 t),

3594 3708 3597 3711 ·
3626 3709 3665 3749 a

3194 3750 3502 3875 DIV'VS..b
3524 3755 4041 3882 PERT.*P1VS.
4079 3817 4403 3883 PATER.

3197 3910 3398 3986 Caput
3427 3916 3684 3976 nudum.

2912 4003 3496 4070 AETERNITAS.
3571 4015 3845 4093 Siquam
3892 4019 4255 4083 Pertiaeaeact‘s
4321 4029 4399 4087 in

2910 4109 3243 4184 quade-1⁸91}
3260 4113 3749 4186 elephantorum.
3766 4120 3904 4180 ΑΕ.
3926 4121 4011 4180 ni.
4029 4142 4115 4185 m.
4136 4125 4227 4204 (V
4228 4123 4403 4204 sill.)

3036 4207 3463 4291 Epigraphen
3521 4215 3773 4279 amicae
3835 4222 4191 4304 explicabit
4246 4226 4405 4292 Vio-

2912 4318 3018 4365 tor
3047 4309 3130 4387 8).
3183 4311 3544 4390 Nimirum,
3608 4317 3939 4384 Pertinaci
3981 4340 4398 4409 consecrato,

1306 4440 4395 4495 ——-————-——.—-————-

1421 4530 1484 4600 a)
1521 4526 1591 4584 H.
1631 4528 1703 4585 N.
1741 4528 1807 4586 L.
1847 4530 1919 4587 ΙΙ.
1958 4534 2008 4603 §.
2049 4543 2106 4592 2.
2247 4534 2316 4607 b)
2354 4534 2637 4600 Fast.v1.
2677 4542 2802 4615 269.

1312 4616 1479 4694 pitol.
1520 4637 1570 4675 c.
1608 4629 1695 4682 15.
1737 4620 2015 4696 Spartian
2047 4622 2107 4679 in
2138 4622 2356 4682 Severo
2387 4646 2436 4684 c.
2468 4640 2519 4691 7.

2662 4630 2717 4702 ι)
2757 4632 2820 4691 L.
2854 4631 3119 4693 Lxxtv.
3157 4639 3209 4709 ς.
3234 4643 3290 4696 4.

2944 4546 3004 4615 c)
3042 4546 3191 4622 Cap.
3232 4559 3289 4610 7.
3412 4548 3483 4620 d>
3523 4550 3883 4611 L.LXX111.
3922 4558 4045 4630 §.a

3439 4644 3504 4715 g)
3543 4638 3605 4696 in
3635 4640 3926 4718 Epitome.

4197 4561 4260 4633 e)
4289 4561 4399 4620 ea-
