4652 5937
1426 490 2122 582 GORDIANVS
2200 503 2331 581 111.
2369 524 2374 529 ·

329 688 638 752 nimirum
692 701 1003 771 argentea
1050 686 1368 752 maximae
1420 688 1672 753 formae
1730 707 1812 753 eo

329 790 698 866 volumine,
745 802 812 853 et
856 789 1187 867 crassitie,
1232 811 1357 876 qua
1390 809 1623 869 aenea,
1667 812 1819 876 pro-

329 889 533 955 bitate
605 892 863 977 argenti
920 891 1134 966 varia,
1214 888 1601 976 duravitque
1661 892 1816 956 satis

330 1014 456 1078 per
493 994 830 1078 proximos
859 992 1310 1076 imperatores.
1388 980 1636 1056 Aversa
1681 992 1818 1076 ple·

331 1114 613 1179 rumque
646 1093 1035 1158 inscribitur·
1054 1095 1535 1189 AEQVITAS.'
1555 1093 1820 1165 Ava2·

332 1194 510 1270 S‘rl,
570 1195 679 1258 vel
748 1196 1149 1260 MONETA.
1206 1197 1587 1263 AVGVSTI
1662 1208 1818 1278 typo

329 1300 522 1359 tritam
555 1300 899 1358 mulierum
939 1299 1246 1359 stantium
1285 1318 1428 1360 cum
1460 1300 1715 1359 bilance
1756 1305 1823 1358 et

330 1400 776 1477 comucopiae,
792 1396 1104 1460 adstituta
1121 1401 1214 1458 ad
1225 1383 1821 1477 sinqularicmpodes

328 1518 550 1559 massa
564 1499 812 1559 metalli
827 1501 1150 1563 cudendae
1168 1507 1455 1569 monetae
1472 1502 1815 1572 destinata,

329 1616 461 1681 quo
495 1596 577 1659 de
613 1610 768 1681 typo
801 1596 927 1678 jam
960 1618 1165 1681 pauca
1191 1598 1547 1660 memoravi
1581 1598 1734 1677 vol,
1764 1600 1816 1662 1.

208 1698 219 1707 ”
328 1698 599 1782 Proleg.
637 1719 787 1780 gen.
809 1719 948 1782 cap.
989 1721 1043 1760 ι.
1089 1699 1251 1760 Cum
1281 1697 1382 1759 his
1414 1695 1661 1761 aversis
1694 1698 1815 1765 sub

331 1799 757 1880 sequentibus
822 1800 1016 1864 etiam
1081 1798 1584 1882 imperatoribus
1634 1799 1817 1862 numi

331 1901 599 1963 maximi
643 1901 938 1977 moduli,
1002 1897 1119 1961 sed
1176 1900 1296 1960 toti
1351 1900 1536 1962 aenei
1581 1900 1817 1980 signati

331 2015 535 2091 sunt..
581 2001 898 2085 Argentei
940 1999 1133 2081 hujus
1171 1998 1424 2061 formae
1448 2001 1637 2078 ‚numi
1666 2021 1815 2063 cum

328 2103 476 2166 aliis
492 2102 737 2165 aversis
772 2102 986 2165 rarius
1009 2113 1386 2164 occurrunt.
1430 2103 1645 2168 Vnum
1666 2100 1820 2162 Phi·

332 2203 497 2288 lippi
525 2203 806 2265 senioris
829 2197 1022 2265 'dedit
1042 2200 1471 2268 'Vaillantiust
1516 2201 1821 2269 Vlc'r0-.

326 2303 498 2368 ma.
534 2304 732 2370 AVG.
782 2306 1068 2365 Victoria
1092 2304 1400 2380 ,qr-adiens
1431 2302 1511 2379 ⁸).
1572 2301 1820 2366 Obser-

329 2404 517 2479 vavi,
558 2424 691 2465 non
721 2423 963 2486 paucos
996 2421 1077 2463 ex
1115 2401 1215 2462 his
1246 2406 1653 2484 Aequanus,
1698 2422 1817 2465 seu

334 2507 629 2567 Monetae
653 2485 866 2567 numis
886 2504 1023 2565 sive
1044 2502 1394 2586 argenteis,
1429 2503 1566 2565 sive
1595 2503 1816 2566 aeneis

331 2623 481 2668 esse
517 2603 862 2666 deauratos
883 2648 901 2679 ‚
946 2617 1057 2666 aut
1085 2603 1461 2664 tenuissima
1495 2603 1637 2665 auri
1669 2603 1816 2666 bra·

331 2718 478 2768 ctea
536 2700 843 2781 vestitos,
919 2717 987 2767 et
1043 2702 1307 2787 quidem
1368 2702 1562 2766 etiam
1625 2722 1812 2767 more

329 2804 828 2899 emblematum,
873 2790 977 2868 sie¹
1015 2817 1086 2867 ut
1130 2801 1658 2893 paludamentum
1698 2804 1819 2866 im-

205 2992 209 2995 .
328 2907 654 2995 potatoris
702 2904 905 2968 fuerit
937 2905 1292 2968 obductum
1342 2924 1541 2981 auro,
1585 2906 1818 2968 immu-

328 3009 522 3074 nibus
566 3009 841 3093 reliquis
886 3009 1069 3076 numi
1108 3009 1423 3092 partibus.
1504 3009 1676 3076 Satis
1704 3030 1815 3093 ap·

326 3123 548 3195 paret,
611 3130 846 3172 numos
889 3108 1012 3172 hos
1061 3123 1335 3193 propter
1380 3108 1660 3172 formam
1704 3129 1815 3172 ex·

331 3209 866 3282 traordinariam,
935 3221 1000 3269 et
1078 3210 1234 3271 artis
1310 3209 1811 3272 ostentationem

332 3311 649 3396 pecuniae
705 3308 1024 3370 rationem
1082 3329 1212 3370 non
1270 3306 1613 3385 habuisse,
1695 3308 1814 3372 sed

335 3413 664 3495 signatos,
718 3420 793 3469 ut
850 3405 1177 3470 servirent
1218 3407 1596 3470 liberalitati
1641 3408 1814 3492 prin·

335 3511 596 3594 cipum,
660 3523 771 3571 aut
831 3506 1267 3591 qualicunque
1328 3507 1451 3568 alia
1495 3508 1576 3570 de
1622 3527 1813 3570 causa

329 3607 524 3673 nobis
568 3599 808 3691 ignota.
889 3604 1313 3671 confidenter
1362 3607 1607 3670 adserit.
1638 3607 1817 3675 Vail·

332 3710 571 3773 lentius
600 3707 699 3786 b),
761 3710 829 3771 id
886 3727 1094 3792 genus
1133 3729 1366 3770 numos
1421 3707 1625 3773 fuisse
1666 3729 1815 3792 per·

330 3832 557 3876 cussus
617 3813 689 3874 in
733 3810 957 3891 Syria,
1017 3806 1361 3893 additque:
1426 3798 1662 3873 Robsae
1700 3829 1817 3872 nu·

330 3934 466 3977 mos
510 3936 596 3977 σω
647 3923 910 3993 amento
960 3913 1280 3992 maximos
1325 3931 1453 3973 non
1490 3913 1817 3978 observari

335 4018 645 4096 dyscolos,
674 4018 848 4098 quod
870 4016 992 4074 hac
1007 4013 1242 4092 forsan
1256 4022 1507 4080 moneta
1526 4032 1661 4072 non
1683 4019 1820 4072 ute-

332 4128 548 4179 rentur
588 4118 882 4178 Romani.
930 4113 1015 4174 At
1050 4110 1321 4175 nimium
1358 4125 1611 4176 temere
1641 4108 1818 4172 istud

334 4214 654 4278 statuitur.
716 4213 1075 4277 Enimvero
1120 4211 1187 4274 in
1224 4203 1486 4277 moneta
1510 4210 1816 4296 Augusti,

334 4329 400 4378 et
430 4315 837 4399 sequentium
867 4314 1334 4398 imperatorum
1369 4313 1819 4387 animadverti,

1876 908 2077 965 -res,
2140 910 2299 973 quas
2361 902 2501 952 tum
2562 896 3090 959 commemoravi.

3269 530 3413 603 312

1926 709 2077 752 men
2122 688 2189 750 in
2224 686 2503 751 urbibus
2549 688 2816 756 Graecis
2877 710 3024 756 esse
3085 694 3370 781 signatos
3390 688 3426 780 5¹

1928 808 2159 853 verum
2199 787 2376 861 istud
2425 791 2747 853 statuendi
2788 813 3024 863 causae⁴
3049 811 3234 861 erant
3267 799 3414 882 plu-

3174 898 3262 960 At
3319 900 3412 977 hi,

1932 990 2016 1052 de
2048 989 2278 1074 quibus
2306 994 2560 1075 agimus
2583 1038 2599 1069 ,
2644 994 2827 1056 numi
2877 1015 3089 1080 neque
3126 1012 3415 1082 spectata

1932 1091 2400 1174 inscriptione,
2460 1114 2673 1178 neque
2718 1108 2904 1178 typo,
2950 1116 3165 1183 neque
3223 1100 3417 1162 alior-

1933 1212 2075 1254 sum
2117 1190 2466 1276 quidquam
2516 1197 2853 1281 peregrini
2889 1211 3252 1276 ostentant,
3297 1200 3415 1262 sed

1929 1292 2244 1355 fabricam
2281 1291 2462 1354 urbis
2497 1310 2723 1377 aperte
2772 1297 3182 1380 profitentur.
3265 1300 3418 1383 Aje·

1931 1392 2485 1477 bamprincipio,
2533 1394 2723 1479 hujus
2765 1380 3016 1462 form’ae
3066 1412 3414 1483 argenteos

1931 1495 2085 1556 inde
2119 1518 2155 1559 a
2185 1497 2518 1561 Gordiano
2547 1498 2955 1582 frequentius
3005 1522 3215 1569 cusos.
3282 1506 3416 1566 Iam

1933 1596 2104 1657 enim
2125 1612 2273 1661 ante
2294 1598 2517 1676 illum,
2555 1600 2676 1662 etsi
2697 1601 3029 1683 perpauci,
3068 1601 3416 1665 observan-

1931 1708 2062 1759 tur.
2122 1699 2386 1793 Quippe
2422 1700 2806 1764 Vaillantius
2859 1692 3416 1764 memorat'unum

1934 1797 2205 1864 severi:
2281 1800 2787 1866 VtcrofflAE.
2863 1803 3270 1869 Avevs'm.
3338 1807 3416 1880 c).

1931 1897 2120 1960 Alius
2171 1899 2239 1959 in
2304 1920 2532 1962 museo
2594 1900 2981 1964 Florentino
3043 1905 3415 1967 Mamaeaez
3500 1887 3510 1906 ⁸

1924 1997 2393 2092 AEQVITAS.
2428 2002 2804 2067 PVBLICA
2839 2015 3003 2093 ⁴typo
3049 2002 3245 2064 trium
3278 2023 3418 2099 mo-

1926 2111 2249 2159 netarum.
2315 2099 2468 2162 Duo
2513 2101 2848 2162 Maximini
2891 2103 2957 2162 in
2990 2121 3217 2164 museo
3254 2104 3418 2165 Cae·

1927 2193 2155 2262 sareu:
2214 2200 2680 2294 AEQw'rAS.
2740 2202 3120 2271 Avevs'm
3177 2188 3414 2267 eodm

1929 2311 2109 2383 typo·

2178 2521 2382 2582 Numi
2420 2523 2750 2582 commatis
2781 2525 3112 2605 per-cyrio!
3129 2543 3154 2588 e

2050 2700 2268 2786 Hujus
2298 2702 2523 2766 elassis
2541 2723 2773 2766 numos
2801 2717 2932 2768 tam
2963 2707 3224 2771 urbium
3253 2707 3417 2775 libe-

1928 2822 2149 2865 rarum
2170 2845 2187 2879 ,
2252 2823 2445 2886 quam
2492 2803 2933 2883 coloniarum,
3004 2821 3070 2871 et
3133 2809 3413 2871 Alexan·

1928 2901 2155 2990 drinop
2189 2898 2426 2988 magna
2454 2904 2641 2988 copia
2662 2926 3010 2990 superesse
3041 2908 3286 2993 singuli
3311 2930 3414 2974 eu·

1925 3005 2132 3089 talogi
2172 3005 2445 3080 docent,
2486 3021 2782 3071 ceterum
2809 3006 3155 3094 'speciatim
3193 3008 3277 3074 de
3307 3011 3440 3075 his*

1925 3106 2091 3170 nihil
2138 3105 2640 3171 observandum.

2326 3327 2609 3390 Nomina
2632 3367 2651 3402 ,
2696 3347 2778 3388 ac
2801 3331 2999 3392 tituli.

2055 3508 2395 3570 Antonias.
2416 3507 2511 3568 lta
2532 3505 2709 3570 hunc
2728 3526 2989 3593 quoque
3004 3506 3413 3577 Gordianum

1926 3620 2268 3681 vocatum,
2311 3627 2443 3669 non
2474 3605 2907 3685 Antoninum,
2950 3609 3021 3674 in
3058 3609 3407 3675 Get-‹Eanis

1923 3706 2253 3772 Africanis
2291 3705 2707 3789 disputatum.

2052 3811 2241 3883 Pius,
2287 3811 2495 3870 Felice.
2541 3809 2691 3903 Quo
2726 3822 3025 3893 tempore
3059 3811 3162 3875 his
3203 3811 3409 3876 titulis

1926 3907 2025 3973 uti
2082 3907 2417 3990 coeperit,
2474 3906 2722 3971 dictum
2784 3928 2980 3993 supra
3036 3911 3120 3977 ad
3165 3932 3409 3980 annum

1926 4012 2009 4079 V.
2042 4009 2113 4074 C.
2150 4028 2295 4094 (μμ.

2495 4152 2536 4192 0
2659 4110 2699 4150 .
2821 4154 2862 4194 0

2053 4209 2159 4272 De
2190 4210 2555 4285 consulatu,
2597 4209 2752 4275 trib.
2770 4224 3130 4295 potestate,
3169 4229 3245 4281 et
3279 4229 3415 4281 ter·
3485 4267 3492 4270 -

1926 4310 2122 4372 minis
2156 4309 2296 4392 ejus
2321 4311 2582 4397 imperii
2614 4311 3047 4395 opportunius
3073 4330 3311 4402 agetur
3339 4316 3409 4381 in

338 4435 570 4479 numos
618 4428 965 4501 argenteos
1016 4435 1430 4481 communem
1478 4414 1816 4477 modulum
1920 4415 2243 4477 Tractatu
2278 4409 2361 4475 de
2399 4413 2548 4479 trib.
2582 4426 2927 4496 potestate.
2985 4467 2994 4480 .

282 4573 297 4586 .
333 4517 726 4582 excedentes
750 4559 770 4592 ,
824 4518 950 4583 etsi
988 4516 1221 4590 Latine
1275 4515 1625 4600 inscriptos
1649 4557 1669 4590 ,
1728 4526 1823 4578 ta·

338 4656 3411 4689 mm

400 4750 473 4823 a)¹
499 4745 676 4808 Num.
714 4752 929 4821 praest.
967 4742 1040 4801 T.
1078 4739 1151 4799 11.
1193 4761 1251 4819 p.
1290 4743 1420 4806 διό.
1565 4738 1635 4812 b)
1673 4737 1713 4798 l.
1750 4754 1805 4797 e.

1952 4739 2011 4810 c)
2052 4732 2222 4795 Num.
2261 4749 2477 4812 praest.
2517 4739 2590 4798 Τ.
2619 4738 2690 4797 11.
2731 4761 2791 4820 p.
2829 4753 2954 4805 227.
