4652 5937
1012 4137 1024 4144 ·
1157 4122 1329 4184 infra
1394 4119 1807 4184 indicabitur.
1903 4123 1976 4181 Iu
2030 4123 2246 4183 numis

1155 514 1298 581 238

1163 676 1570 745 crudelitatis
1622 675 1961 760 exempla,
2019 691 2188 759 quae
2232 670 2324 736 ibi
2367 692 2654 737 comme·

1163 795 1377 845 morat
1397 826 1415 857 ,
1477 793 1666 842 vetus
1691 776 2083 862 supplicium
2115 798 2151 839 a
2176 774 2512 839 Mezentio
2547 794 2652 838 re·

1162 896 1462 968 pertum,
1508 879 1661 942 dum
1701 899 1978 963 corpora
2016 879 2160 940 viva
2191 876 2468 939 mortuis
2499 895 2654 939 con·

1164 970 1509 1067 jungeret,
1570 980 1943 1056 revocavit,
2013 1000 2205 1067 quam
2258 977 2345 1042 ob
2392 995 2653 1041 causam

1162 1089 1552 1163 ,Memmium
1569 1127 1587 1163 ,
1654 1096 1721 1144 et
1751 1102 1874 1166 pro
1907 1082 2203 1145 Macrino
2245 1081 2659 1143 Macellinum

1162 1206 1288 1269 per
1322 1184 1749 1269 opprobrium
1771 1183 2016 1246 dictum
2037 1179 2358 1244 adfirmat.
2404 1184 2656 1243 Tamen

1164 1305 1326 1348 vero
1361 1286 1632 1370 propius
1658 1299 1779 1362 est,
1821 1284 1992 1347 hanc
2021 1283 2085 1346 ei
2116 1282 2542 1368 ignominiam
2572 1281 2655 1346 ab

1165 1387 1458 1450 adversis
1486 1387 1781 1470 partibus
1815 1383 2149 1448 adfictamt
2191 1406 2340 1447 nam
2373 1380 2656 1448 coaevus

1162 1488 1294 1551 Dio
1330 1508 1479 1552 eum
1510 1487 1753 1571 justum
1776 1531 1794 1563 ,
1857 1485 2158 1560 fidelem,
2204 1504 2427 1548 rerum
2460 1504 2659 1569 expe·

1163 1591 1401 1653 rientia
1422 1633 1440 1666 ,
1504 1601 1573 1651 et
1607 1589 1851 1651 virtute
1914 1586 2241 1672 insignem
2263 1619 2294 1660 ,1
2357 1585 2483 1648 etsi
2544 1584 2657 1648 ad·

1160 1690 1391 1755 sectati
1415 1676 1678 1771 imperii
1712 1709 1933 1764 reum,
1979 1686 2421 1770 depraedicat.

1289 1793 1477 1861 onr
1489 1793 1710 1854 Nouia
1729 1792 1928 1866 Celsa,
1972 1801 2141 1852 teste
2157 1786 2542 1871 Lampridio
2574 1790 2655 1872 ⁸),

1166 1893 1351 1977 cujus
1395 1904 1661 1976 praeter
1688 1910 1945 1952 nomen>
1974 1889 2154 1954 aliud
2184 1889 2387 1968 nihil,
2434 1910 2651 1976 neque

1169 1994 1364 2057 etiam
1391 2013 1626 2057 numos
1650 2003 1971 2054 tenemus.

1882 2091 1922 2131 *³

1717 2136 1758 2176 ἦ

1212 2258 1219 2265 .
1454 2200 1538 2258 Vt
1564 2198 1660 2258 lit.
1693 2200 1777 2257 A.
1813 2203 1879 2256 et
1908 2197 1986 2255 B.

1165 2297 1518 2364 PONTIF.
1564 2296 1778 2359 Max.
1806 2299 1946 2357 ΤΒ.
1991 2296 2065 2356 P.
2111 2295 2191 2357 11.
2237 2293 2428 2358 cos,
2471 2297 2548 2359 P.
2579 2276 2658 2363 Ρ.

1164 2404 1370 2462 variis
1406 2401 1594 2480 typis.
1638 2398 1780 2464 AV.
1825 2396 1963 2458 AB.
2006 2398 2145 2461 ΔΕ.
2189 2397 2243 2457 1.
2287 2398 2369 2458 11.

1458 2504 1543 2561 Vt
1575 2502 1671 2561 lit.
1706 2502 1791 2562 A.
1825 2502 2001 2562 et‘B.
2153 2543 2161 2551 -

1160 2600 1512 2666 PONTIF.
1543 2600 1755 2663 Max.
1788 2602 1927 2662 TR.
1958 2600 2031 2662 P.
2047 2599 2128 2659 11.
2161 2594 2444 2665 COS.11.
2475 2601 2550 2663 P.
2575 2600 2652 2662 P.

1160 2707 1512 2784 Imperator
1558 2705 1629 2763 in
1679 2704 1868 2765 lentis
1906 2704 2245 2785 quadriyis
2287 2705 2350 2763 d.
2387 2722 2652 2776 ramum,

1161 2826 1212 2866 s.
1248 2815 1558 2885 sceptrum
1584 2824 1735 2866 cum¹
1758 2805 1984 2886 aquila
2019 2806 2363 2865 coronatur
2384 2826 2429 2864 a
2448 2806 2656 2865 Victo·

1094 2892 1101 2899 ’
1161 2909 1265 2966 ria
1293 2916 1460 2968 retro
1494 2907 1711 2966 currui
1738 2896 2088 2965 insistente.
2146 2905 2283 2972 AV.
2329 2907 2469 2968 AR.
2505 2905 2654 2968 AB.

1159 3008 1207 3068 1.
1245 3009 1326 3070 11.
1373 3005 1600 3091 (vain.
1643 3004 1814 3067 Mus.
1854 3003 2074 3082 Caes.)
2613 3083 2618 3087 ᾗ

1327 3172 1339 3182 ,
1439 3109 1586 3169 Alii
1634 3107 1852 3166 eodem
1882 3108 2065 3171 modo
2105 3103 2403 3185 inscripti
2448 3113 2656 3172 variis

1446 3209 1647 3287 typis,
1691 3216 1756 3267 et
1780 3208 2057 3271 metallo.

1440 3312 1535 3372 M.
1602 3306 1860 3370 OPEL.
1932 3309 2116 3378 SEV.
2178 3310 2650 3390 MAcmNVS.

1443 3408 1652 3477 AVG.
1708 3407 1910 3490 Caput
1940 3415 2319 3477 laureatum.

1156 3511 1349 3578 008.
1383 3511 1466 3576 11.
1533 3515 1823 3576 Victoria
1858 3518 2186 3596 yradiem.
2252 3514 2451 3609 Quin.
2508 3513 2647 3598 AV.

1159 3618 1361 3698 (Μῦς.
1396 3614 1558 3676 olim
1590 3613 1671 3675 de
1707 3613 1963 3676 France
1998 3615 2320 3695 vindob.)

1279 3718 1355 3776 In
1391 3712 1724 3798 prioribus
1767 3715 1983 3777 numis
2017 3716 2343 3780 indicatur
2372 3717 2650 3781 Macrini

1156 3835 1506 3901 processus
1536 3816 1897 3880 consularis
1935 3818 2083 3879 anni
2115 3819 2500 3902 praesentis.
2543 3821 2649 3882 De

1157 3919 1493 3991 Macrino,
1539 3914 1667 3980 hoc
1701 3938 1870 3979 anno
1905 3918 1972 3978 in
2004 3919 2219 3981 numis
2246 3917 2378 4002 jam
2422 3920 2647 3987 008..

1154 4019 1289 4102 iam
1365 4018 1556 4082 COS.
1616 4021 1736 4095 11.‚
1813 4032 2047 4103 agetur
2108 4020 2299 4097 alibi,
2372 4033 2446 4083 ut
2501 4041 2656 4084 mox

2312 4141 2462 4185 cum
2522 4126 2658 4184 Ma·

1158 4223 1350 4299 crini,
1383 4235 1519 4284 tum
1547 4221 2050 4284 Diadumeniani
2080 4220 2468 4307 frequenter
2481 4231 2659 4287 c‘om-

1162 4338 1395 4410 parent
1430 4323 1613 4408 signa
1641 4322 1968 4385 militaria.
2015 4325 2179 4386 Sunt
2215 4322 2381 4387 haec
2410 4323 2656 4388 vexilla

1157 4429 1642 4499 Antoniniana,
1701 4443 1736 4486 a
1777 4424 2074 4488 Macrino
2112 4425 2183 4485 in
2227 4424 2458 4488 castris
2500 4444 2655 4489 con-

1162 4525 1420 4602 stituta,
1467 4540 1533 4590 et
1575 4525 1670 4587 sic
1711 4524 2039 4588 nominata
2077 4524 2465 4588 ex·nomine
2499 4527 2657 4590 Dia·

2046 2135 2087 2175 ff

2373 474 3016 564 MACRINVS.

2764 670 3173 753 dumeniani,
3218 694 3412 761 quem
3449 675 3845 741 Antoninum
3880 685 4104 749 vocari
4143 705 4258 752 vo·

2764 773 2889 837 luit
2919 773 3007 867 b),
3123 776 3479 873 Quinarius
3534 798 3808 855 aureus,
3881 801 4079 867 quem
4143 809 4264 874 po·

2767 902 3084 954 sti-emam
3127 879 3318 955 dedi,
3383 876 3543 943 fidei
3577 879 3740 944 mihi
3781 899 4130 972 suspectae
4168 889 4266 955 vi·
4315 920 4328 924 -

2768 1014 2879 1059 sus
2918 1002 3044 1058 est.

3324 1111 3363 1152 fi
3487 1066 3525 1106 ⁸
3648 1107 3690 1147 ἢ

3060 1174 3280 1238 Velit.
3313 1181 3394 1234 A.
3430 1180 3498 1230 et
3521 1171 3600 1232 B.
4079 1188 4088 1193 ·

2769 1275 3216 1347 VICTORIA.
3252 1268 3719 1338 PARTHICA.
3786 1272 4078 1337 Victoria
4111 1298 4268 1357 qm-

2770 1382 2975 1454 diens,
3019 1376 3382 1439 velthoraci
3393 1376 3702 1438 insidens.
3746 1373 3886 1438 AR.
3931 1375 4069 1439 AE.
4113 1377 4263 1441 Lu.

3058 1480 3143 1538 Vt
3182 1477 3278 1536 lie.
3316 1477 3397 1534 A.
3444 1483 3509 1535 et
3545 1476 3619 1538 B.

2764 1579 3268 1650 VICT.PAR'1=.
3300 1577 3377 1636 P.
3411 1577 3501 1636 M.
3538 1577 3677 1637 TR.
3716 1575 3797 1639 Ρ.
3829 1576 3910 1638 ῙῙ.
3944 1577 4134 1643 008.
4181 1582 4260 1646 11.

2766 1683 2843 1745 P.
2860 1682 2937 1742 P.
2981 1682 3186 1743 Iidem
3208 1681 3366 1758 typi.
3389 1674 3531 1743 AV.
3561 1678 3702 1738 AR.
3735 1677 3879 1743 ΔΕ.
3907 1677 3989 1743 11.
4031 1681 4261 1762 (vain.

2673 1776 2678 1783 ’
2767 1784 2939 1845 Mus.
2971 1781 3189 1858 Caes.)
3276 1811 3293 1835 ι

2897 1880 3342 1964 Comprobant
3388 1880 3461 1942 hi
3506 1880 3723 1957 numi,
3808 1880 3989 1967 quod
4048 1885 4263 1949 refert

2766 1984 2899 2048 Dio
2932 1986 2990 2063 c)
3013 2024 3032 2059 ,
3075 1982 3442 2060 Macrinum
3476 1983 3609 2046 icto
3642 2005 3792 2047 cum
3825 1983 4086 2047 Parthis
4118 1984 4258 2049 foe·

2767 2083 2970 2161 dere,
3028 2095 3374 2167 postquam
3418 2083 3697 2147 inferior
3727 2083 3981 2169 praelio
4011 2071 4268 2152 disces·=

2769 2198 2984 2261 serat,
3039 2180 3171 2247 n'ou
3220 2184 3472 2261 omnia,
3532 2192 3699 2270 quae
3751 2203 3833 2248 eo
3881 2184 4064 2251 bello
4110 2199 4258 2254 acta

2768 2300 2954 2363 sunt,
3001 2286 3254 2349 senatui
3289 2298 3593 2351 accurate
3623 2287 4109 2373 perscripsisse.
4155 2293 4260 2354 In-

2770 2386 2963 2448 terim
3004 2399 3303 2471 tanquam
3342 2388 3428 2453 oh
3476 2403 3730 2474 partam
3766 2388 4102 2467 victoriam
4145 2389 4261 2456 de·

2767 2502 2950 2552 creta
3004 2489 3068 2552 ei
3131 2486 3336 2553 fuisse
3402 2488 3759 2566 sacrificis,
3849 2508 3917 2555 et
3970 2495 4262 2556 Parthici

2768 2583 3136 2674 cognomen
3159 2634 3176 2666 ,
3223 2589 3404 2675 quod
3431 2605 3649 2654 tamen
3683 2612 3819 2655 non
3846 2592 4138 2678 recepit,
4181 2607 4259 2657 ut

2767 2691 3016 2767 visum,
3084 2690 3374 2775 pudore,
3446 2692 3529 2755 ab
3577 2693 3657 2755 iis
3709 2693 4011 2759 sumendi
4060 2713 4259 2778 agno·

2768 2811 2957 2869 meu,
3001 2814 3046 2876 a·
3075 2793 3309 2878 quibus
3344 2794 3556 2861 victus
3588 2787 3782 2860 esset.

3130 3023 3136 3028 ’
3243 3037 3493 3099 Numi
3544 3039 3765 3119 vaqi.

3061 3203 3142 3264 Vt
3181 3204 3277 3264 lit.
3311 3206 3392 3264 Α.

2765 3301 3371 3364 LIBERALITAS.
3401 3304 3602 3373 AVG.
3646 3305 4036 3371 Liberalitas
4054 3317 4250 3371 stans.

2764 3406 2904 3468 AR.
2951 3407 3152 3483 (Mus.
3186 3405 3395 3486 Caes.)

3056 3508 3141 3567 Vt
3179 3506 3277 3570 Iit.
3325 3510 3400 3567 B.

2763 3609 3369 3672 LIBERALITAS.
3413 3610 3821 3694 AVGVSTI.
3869 3612 3935 3674 S.
3981 3614 4053 3677 0.
4116 3615 4255 3676 Ma·

2764 3715 2979 3776 crinas
3008 3722 3073 3773 et
3102 3713 3654 3776 Diadumenianus
3682 3717 3754 3776 in
3783 3724 4083 3797 suyqestu
4107 3735 4259 3779 con-

2756 3817 2975 3894 yiario
2996 3814 3386 3894 praesident.
3427 3813 3570 3878 ΑΕ.
3613 3818 3663 3879 Ι.
3710 3818 3903 3895 (Mus.
3940 3817 4151 3895 Caes.)

2881 3910 2990 3974 'Ex
3039 3912 3191 3994 lege
3237 3912 3563 3979 ordinaria
3606 3917 3937 4000 congiaria
3978 3931 4244 4001 erogata

2767 4031 2903 4075 non
2949 4028 3129 4084 suut,
3189 4014 3318 4077 nisi
3366 4034 3715 4099 praesente
3762 4022 3832 4083 in
3867 4020 4034 4084 urbe
4078 4021 4254 4105 prin·

2769 4114 2955 4198 cipe,
3018 4134 3188 4201 quae
3217 4130 3289 4179 ut
3331 4136 3413 4178 ex
3451 4119 3888 4203 ipsisnumis,
3945 4143 4097 4187 raro
4128 4121 4258 4186 alio

2770 4218 3111 4300 exemplo,
3188 4218 3446 4283 abunde
3501 4220 3964 4300 confirmatur,
4030 4224 4125 4288 sic
4185 4239 4255 4287 et

2771 4316 2892 4396 sub
2925 4319 3220 4384 Macrino
3270 4321 3482 4385 adhuc
3513 4323 3718 4387 valuit
3763 4337 3934 4388 teste
3958 4325 4257 4410 Lampri-

2769 4420 2880 4485 dio
2913 4418 3015 4504 (ῆι
3064 4425 3809 4506 θοηρὶανίιιωοιίαηιρει·
3837 4430 4258 4491 edictumAn-

2768 4529 3172 4591 toniniarmm
3185 4528 3501 4601 promisit,
3547 4538 3621 4589 ut
3642 4530 3850 4606 z'psnwz
3867 4529 4258 4607 edictumpo·

1166 4847 1169 4848 ⁷
1234 4775 1297 4848 s)
1330 4771 1682 4833 iuDiadum.
1715 4792 1764 4833 c.
1784 4785 1839 4838 7.
1914 4773 1982 4848 b)
2013 4735 2313 4850 Lamprid.
2335 4747 2395 4833 in
2412 4774 2826 4842 Diadum.c.3.
2904 4778 2962 4850 c)
2994 4774 3443 4849 L.LxxV111.§
3479 4787 3563 4840 27.
3645 4774 3713 4849 d)
3747 4773 3809 4834 in
3825 4774 4100 4870 Diadum.
4134 4797 4180 4835 c.
4201 4788 4254 4838 2.
