4652 5937
1361 495 1744 575 ANNIA
1804 499 2438 584 FAVSTINA.

381 679 636 769 gnitum
674 698 777 749 est
814 695 1091 767 propter
1119 681 1513 768 paucitatem
1563 683 1872 766 pretium,

380 798 458 846 ut.
503 783 1020 849 adulteratorum
1075 804 1180 844 ars
1228 782 1431 846 falsos
1476 802 1600 869 pr‘o
1650 789 1876 872 genui·

381 884 488 948 nis
547 886 979 962 obtruderet,
1043 905 1128 947 ex
1195 886 1431 968 quibus
1482 906 1597 951 eos
1660 892 1873 953 solum

386 990 805 1068 memorabo,
854 991 967 1076 qui
1010 1014 1047 1054 a
1100 993 1490 1055 clarioribus
1535 994 1697 1057 viris
1742 996 1878 1058 edi-

383 1087 437 1151 ti
486 1086 690 1151 fidem
739 1107 1019 1175 propter
1061 1108 1405 1157 auctorum
1452 1094 1877 1160 existimatio·

380 1208 534 1254 nem
569 1207 842 1275 possent
868 1198 1195 1277 reperire.

660 1296 1511 1386 ANNIA.FAVST1NA.
1599 1303 1872 1370 AVGV·

653 1396 843 1458 STA.
893 1401 1108 1476 HuJus
1146 1416 1369 1479 caput,
1407 1420 1591 1483 pone
1607 1418 1868 1468 astrum.

380 1495 1378 1571 lMP.ANTON1NVS.P1VS.
1419 1505 1623 1574 AVG.
1674 1512 1878 1589 Caput

379 1600 738 1679 Elayabali
772 1602 1149 1664 laureatum.
1191 1605 1329 1672 AV.

503 1702 683 1763 Eum
736 1699 1048 1762 Khellius
1099 1723 1180 1766 ex
1224 1706 1464 1773 illustri
1513 1734 1744 1776 museo
1786 1713 1871 1777 de
1926 1763 1934 1771 .

376 1798 672 1876 France‚
718 1802 895 1885 quod
943 1804 1068 1865 fuit
1120 1807 1590 1891 vindobonae,
1635 1816 1703 1875 in
1759 1836 1872 1897 ge-

379 1903 737 1964 nuinorum
788 1925 1065 1967 numero
1118 1908 1321 1972 edidit
1364 1914 1453 1990 ⁸).

376 2021 589 2088 usque
633 2002 810 2065 diem
857 2020 1093 2069 aureus
1140 2008 1334 2090 hujus
1377 2013 1708 2097 Augustae
1760 2035 1870 2078 co-

292 2098 295 2103 ’
373 2106 599 2186 gnitus
631 2126 763 2167 non
795 2121 931 2183 est,
975 2108 1117 2170 scd
1108 2128 1339 2193 neque
1374 2118 1737 2207 praesentis
1772 2119 1873 2179 ul-

374 2204 440 2267 la
477 2205 777 2270 habenda
827 2208 1034 2283 ratio;
1081 2230 1231 2272 nam
1284 2214 1413 2275 etsi
1462 2198 1709 2278 affabre
1775 2216 1871 2279 ef-

368 2305 565 2372 fictus
635 2321 777 2385 est,
842 2331 1244 2396 magnopere
1314 2327 1532 2376 tamen
1589 2316 1671 2377 ab
1725 2317 1868 2400 ejus

373 2411 521 2475 aevi
555 2409 803 2473 fabrica
823 2409 1106 2488 abludit,
1151 2428 1224 2476 ut
1251 2414 1417 2498 ipse,
1460 2416 1571 2501 qui
1596 2439 1866 2479 numum

371 2511 488 2577 ἆία
536 2512 1072 2594 exploraverant,
1131 2514 1293 2600 ejus,
1339 2518 1865 2601 experimentum

365 2612 531 2677 feci.

500 2715 954 2778 Memorabilis
974 2736 1207 2781 numus
1244 2721 1552 2782 Damasci
1584 2739 1729 2782 cum
1758 2742 1867 2782 an-

372 2836 459 2879 no
495 2809 708 2876 ΕΛΦ
730 2860 749 2892 ,
794 2838 989 2902 quem
1018 2838 1099 2879 ex
1134 2840 1363 2882 museo
1401 2821 1764 2905 Theupoli,
1795 2820 1863 2882 in

374 2902 561 3001 cujus
593 2920 892 3002 catalogo
936 2919 1107 2982 binis
1151 2920 1318 2985 locis
1358 2921 1752 2986 describitur
1774 2918 1861 3003 ὸ),

376 3021 537 3084 oiim
597 3020 804 3081 edidit
852 3019 1197 3105 Philippus
1257 3045 1293 3083 a
1360 3027 1574 3087 Turre
1620 3026 1875 3100 Adi-iae,

371 3122 753 3205 episcopus,
800 3134 867 3182 et
913 3125 1263 3205 genuinum
1298 3122 1608 3203 judicavit
1634 3126 1699 3187 in
1729 3126 1860 3189 dis-

372 3221 728 3287 sertatione
776 3225 1113 3304 epistolari
1176 3223 1258 3286 ad
1305 3227 1612 3290 loannem
1677 3228 1867 3291 Asto-

368 3324 540 3386 rium
565 3365 582 3397 ,
629 3344 796 3408 quae
834 3321 1075 3386 deinde
1103 3326 1361 3387 occasio
1393 3324 1519 3388 fuit
1548 3327 1683 3388 litis
1718 3348 1864 3391 eru-

371 3426 579 3504 ditae,
627 3445 752 3508 qua
782 3423 950 3506 'ipse
1001 3439 1068 3487 et
1126 3425 1514 3492 Valsechius
1559 3427 1623 3487 in
1669 3447 1860 3490 causa

364 3527 517 3591 trib.
569 3524 911 3609 potestatis
970 3525 1051 3591 V.
1119 3526 1461 3608 Elagabali
1527 3528 1861 3589 commissi

364 3629 580 3694 fuere.
665 3627 770 3687 De
811 3624 951 3707 ejus
979 3626 1163 3687 numi
1207 3639 1507 3708 suspecta
1549 3625 1681 3688 fide
1723 3627 1853 3708 jam

365 3732 475 3816 egi
530 3731 602 3791 in
671 3739 931 3790 moneta
990 3728 1581 3802 Damascenorum,
1658 3750 1852 3812 quam

360 3852 496 3895 non
533 3829 747 3892 miuus
776 3830 1118 3891 elevarunt
1155 3827 1279 3888 viri
1314 3828 1423 3889 alii
1458 3828 1694 3912 periti,
1742 3827 1851 3910 qui

364 3952 633 4001 numum
669 3930 796 4017 ipsi
824 3930 1208 4013 inspexere,
1253 3943 1325 3992 ut
1340 3930 1549 3992 serius
1585 3941 1853 3993 testatus

3332 521 3476 603 263

2763 646 2788 669 0

1992 703 2104 757 est.
2149 682 2291 774 ipse
2339 713 2375 755 a
2413 694 2677 768 Turre,
2745 695 2888 779 ejus
2932 710 3117 763 autea
3171 719 3333 771 acer
3368 722 3480 785 pa·

1989 803 2219 853 tronus
2253 795 2336 875 θ).

2118 894 2436 957 Geminus
2454 894 2608 959 huic
2622 896 2959 965 habendus
2979 920 3213 962 numus
3226 906 3480 984 Rapha-

1988 1014 2150 1055 ηεαδ
2170 996 2397 1076 Syriae
2416 1018 2564 1058 cum
2580 1019 2748 1059 anno
2777 1001 2958 1062 AOC
2973 1001 3180 1063 variis
3199 1005 3476 1068 eruditis

1991 1096 2263 1156 antehac
2293 1096 2638 1178 probatus,
2677 1100 2794 1161 sed
2826 1099 3024 1163 modo
3063 1104 3321 1196 spurius
3341 1126 3479 1168 om·

1986 1194 2183 1257 nibus
2210 1197 2521 1272 creditus,
2554 1199 2635 1260 de
2656 1220 2784 1282 quo
2805 1200 2955 1261 vide
2988 1224 3021 1263 a
3055 1218 3160 1266 me
3195 1204 3366 1268 dicta
3406 1208 3478 1268 in

1984 1310 2245 1357 moneta
2282 1297 2422 1377 ejus
2463 1297 2663 1359 urbis.
2753 1305 3001 1362 Tamen
3035 1327 3280 1370 novum
3332 1328 3481 1369 rur-

1986 1414 2097 1455 sus
2146 1395 2472 1459 vindicem
2514 1401 2895 1481 nuperrime
2962 1420 3189 1468 nactus
3235 1421 3337 1469 est
3386 1410 3471 1472 cl.

1990 1496 2577 1572 Sanclementium,
2624 1501 3061 1583 qui'similem
3094 1508 3294 1570 alium
3333 1530 3478 1571 mu·

1989 1598 2085 1658 sei
2140 1597 2241 1659 sui
2284 1600 2463 1658 om-ni
2510 1621 2781 1681 prorsus
2821 1606 3194 1687 suspicione
3242 1609 3477 1695 immu-

1985 1717 2179 1773 nem,
2224 1712 2293 1760 et
2337 1701 2719 1764 certissimis
2756 1725 2953 1768 verae
3001 1711 3343 1772 vetustatis
3389 1712 3479 1772 si·-

1985 1799 2129 1882 gnis
2180 1814 2481 1863 ornatum
2524 1802 2845 1867 adfirmat.
2924 1808 3009 1869 At
3046 1829 3196 1871 cum
3239 1810 3297 1870 is
3337 1829 3476 1872 non.

1982 1900 2238 1974 minus,
2283 1922 2359 1964 ac
2406 1906 2809 1984 praecedens
2862 1908 3167 1973 Damasci
3233 1929 3472 1973 numus

1982 2020 2177 2063 causa
2248 2001 2542 2085 epochae
2598 2005 2679 2066 ab
2731 2008 3110 2090 antiquariis
3180 2013 3470 2094 vapulet,

1979 2112 2055 2163 ut
2112 2121 2224 2163 sua
2286 2103 2546 2183 utrique
2622 2107 2888 2167 cimelio
2964 2123 3220 2172 constet
3278 2109 3467 2187 fides,

1982 2214 2272 2265 statuere
2295 2225 2428 2266 non
2460 2205 2712 2268 dubitat
2732 2251 2748 2281 ,
2785 2207 3156 2271 Faustinam
3180 2211 3287 2273 vel
3308 2233 3473 2274 nun·

1975 2323 2174 2385 quam
2224 2304 2532 2390 conjugio
2581 2328 2728 2369 cum
2780 2308 3143 2389 Elagabalo
3201 2314 3466 2394 copula·

1980 2417 2110 2465 tam
2155 2404 2402 2483 fuisse,
2448 2409 2556 2471 vel
2599 2422 2824 2482 certe,
2872 2408 2926 2468 si
2968 2408 3263 2490 ejusdem
3299 2435 3471 2476 uxor

1981 2506 2264 2581 exstitit,
2313 2507 2504 2571 etiam
2548 2523 2699 2592 post
2731 2508 3118 2593 repudium,
3165 2525 3234 2573 et
3260 2514 3471 2596 ipsius

1978 2607 2320 2688 Elagabali
2351 2630 2583 2672 necem
2615 2612 2682 2670 in
2716 2612 2969 2672 honore
3000 2609 3473 2677 habitam‘fuis·

1980 2727 2053 2767 se
2090 2710 2262 2790 apud
2294 2710 2740 2772 Alexandrum
2778 2711 3100 2773 Set-erum
3127 2756 3145 2787 ‚
3190 2727 3258 2774 et
3295 2714 3470 2796 apud

1982 2808 2274 2874 Orientis
2335 2812 2652 2895 populos,
2722 2832 2915 2894 quam
2984 2812 3180 2874 etiam
3250 2815 3469 2875 numia

1978 2913 2192 2974 omnis
2223 2911 2486 2996 generis
2518 2909 3027 2976 honestaverint.
3072 2914 3243 2982 Vide
3277 2914 3464 2992 haec,

1978 3015 2309 3096 atque'his
2342 3015 2531 3098 plura
2561 3012 2734 3095 apud
2765 3015 2979 3098 ipsum
3009 3030 3346 3080 auctorem
3376 3014 3465 3100 d).

1974 3117 2225 3183 Verum
2254 3116 2410 3177 huic
2439 3114 2684 3196 judicio
2718 3115 3008 3199 graviter
3039 3116 3287 3194 obstat,
3330 3117 3466 3182 non

1981 3216 2180 3278 modo
2241 3217 2419 3300 quod
2460 3216 2843 3300 peritissimi
2894 3216 3137 3300 quique
3201 3232 3465 3281 nostrae

1979 3317 2208 3379 aetatis
2262 3319 2387 3380 hos
2433 3316 2827 3399 Raphaneae
2871 3333 3468 3400 numos‚·quorum

1973 3439 2107 3480 non
2125 3419 2314 3501 pauci
2334 3416 2909 3489 circumferuntur,
2928 3427 2995 3474 et
3012 3415 3146 3476 vidi
3166 3437 3291 3499 ego
3307 3419 3468 3503 quo-

1975 3539 2142 3601 que,
2190 3516 2271 3579 ad
2304 3539 2506 3578 unum
2555 3535 2784 3578 omnes
2823 3512 3296 3592 condemnant,
3344 3518 3466 3581 sed

1969 3620 2168 3684 etiam
2186 3617 2364 3703 quod
2400 3617 2483 3680 de
2522 3617 2712 3678 fabro
2741 3627 3026 3690 constat,
3065 3616 3457 3699 qui·cudere

1966 3720 2221 3782 solebat
2241 3739 2474 3782 numos
2493 3720 2614 3780 hos
2632 3715 3002 3788 mendaces,
3020 3716 3195 3800 quod
3216 3715 3461 3781 factum

1966 3821 2097 3904 jam
2132 3820 2350 3883 obiter
2378 3820 2662 3882 indicavi
2694 3820 2763 3878 in
2791 3817 2932 3901 ejus
2970 3817 3153 3877 urbis
3172 3831 3454 3895 moneta,
3523 3879 3530 3888 ,

1970 3938 2038 3987 et
2073 3924 2228 3987 satis
2261 3921 2459 3985 etiam
2499 3919 2812 3985 indicavit
2835 3918 3150 4000 Belleyus
3182 3922 3257 3997 e).

1632 4151 1758 4213 ΡΒ
1780 4152 1834 4210 E
1860 4147 1970 4210 TI
1984 4147 2043 4207 V
2055 4147 2143 4207 M.

763 4321 1108 4383 Commune
1149 4320 1466 4380 Romani.-

360 4437 365 4444 ·
816 4463 821 4467 -
928 4416 1162 4482 ·Aurei
1266 4448 2667 4500 ...............
2755 4405 2842 4471 0.
3415 4405 3435 4427 “

314 4619 319 4624 ,
362 4577 3442 4618 .-------------ν--------------

304 4633 324 4646 -
432 4663 494 4732 a)
539 4652 844 4733 Subplem.
876 4648 956 4709 ad
984 4641 1165 4708 Vaill.

284 4771 287 4774 ²
356 4747 516 4829 vulg.
556 4765 691 4806 aera
730 4763 791 4824 p.
830 4747 957 4806 241.
996 4747 1119 4804 242.
1162 4755 1285 4820 seq.

1313 4649 1385 4725 b)
1426 4650 1560 4726 Pag.
1596 4658 1723 4710 802.
1754 4660 1986 4715 et1017.

1469 4743 1528 4810 c)
1571 4741 1632 4801 Β.
1675 4740 1738 4800 L.
1782 4739 1948 4799 Tom-
1986 4733 2165 4797 XLII.
2204 4753 2267 4815 p·
2307 4735 2398 4798 63·
2436 4749 2557 4809 80¹1·

2129 4649 2191 4717 c)
2232 4641 2966 4722 dcanu.Elngab.p.174
2967 4661 3116 4746 seq.
3265 4645 3333 4716 d)
3376 4646 3450 4706 de
