4652 5937
1064 551 1148 623 L.
1252 549 1898 629 SEPTIMIVS
2001 549 2566 628 SEVERVS.
3253 575 3452 653 191'

245 734 446 799 aliis:
497 735 1034 808 Lectisternium,
1079 735 1186 797 vel
1209 736 1411 812 Sella,
1458 756 1791 821 super-qua

239 856 527 901 corona.
578 839 733 897 AR.
782 838 980 916 (Mus.
1015 838 1234 915 Caes.)

376 938 691 1001 Priores
746 934 876 998 duo
924 937 1061 1020 typi
1125 937 1206 1000 ad
1256 938 1397 1021 ipsa
1450 956 1787 1001 conseera-

244 1040 463 1103 tionis
529 1036 845 1101 solennia
897 1039 1270 1121 pertinent,
1333 1037 1642 1100 nimirum
1680 1056 1793 1098 ex·

250 1155 610 1207 structum
658 1161 935 1223 rogum,
999 1152 1066 1199 et
1099 1136 1376 1202 subinde
1415 1158 1787 1213 accensum,

255 1256 329 1308 et
372 1258 529 1304 tum
595 1240 843 1303 emissa
908 1261 1189 1324 superne
1258 1240 1474 1325 aquila
1540 1239 1792 1301 animae

255 1346 630 1428 Augustae
677 1341 1002 1425 imagine,
1078 1342 1161 1403 de
1208 1361 1337 1424 quo
1399 1343 1531 1404 ritu
1594 1340 1787 1417 vide„

257 1463 438 1531 quae
476 1445 773 1527 copiose
811 1444 1136 1526 scripsere
1168 1442 1298 1504 Dio
1331 1442 1388 1521 ⁸)
1412 1488 1428 1520 ,
1474 1456 1541 1505 et
1576 1444 1791 1505 Hero-

263 1547 508 1609 dianus
542 1544 646 1625 b).
724 1545 940 1607 Etiam
993 1544 1204 1606 honos
1242 1545 1444 1607 sellae
1490 1564 1638 1607 cum
1683 1562 1792 1605 co·

264 1668 438 1709 rona
486 1647 565 1709 in
601 1646 885 1711 theatris
933 1646 1243 1709 constitui
1272 1645 1461 1707 solita
1491 1642 1664 1704 inter
1697 1640 1794 1703 di·

260 1747 465 1811 vinos
510 1730 685 1824 fnit,
744 1750 827 1811 de
862 1767 992 1833 quo
1031 1748 1139 1830 egi
1186 1747 1254 1809 in
1293 1744 1505 1808 numis
1554 1745 1600 1804 1.
1637 1745 1796 1806 Cae-

267 1850 467 1913 saris.
517 1851 596 1910 In
638 1869 974 1912 marmore
1007 1846 1338 1923 Ostiensi,
1398 1844 1574 1929 quod
1604 1844 1794 1905 resti·-

250 1950 402 2012 'tuit
436 1950 780 2013 Mai-iuius
815 1953 909 2031 c),
974 1950 1214 2013 dicitur
1250 1946 1558 2011 Herodes
1596 1947 1799 2009 FLA-

260 2054 419 2115 Men
454 2053 682 2122 DIVI.
717 2053 1057 2121 SEVERI.

1028 2152 1069 2191 ³·

532 2254 811 2323 mvn.
865 2195 1330 2317 ''snrrmi'io
1410 2249 1787 2323 SEVERO.
1860 2344 1865 2355 ,

570 2357 759 2422 Plo.
816 2361 1018 2437 Caput
1047 2360 1303 2417 nudum.

271 2458 940 2523 CONSECRATIO.
1006 2457 1072 2518 S.
1118 2455 1189 2516 C.
1250 2459 1485 2537 Roqus.
1539 2455 1681 2521 ΑΕ.
1738 2458 1790 2519 Ῑ.

282 2565 488 2643 (Mus.
528 2562 761 2638 Caes.)

458 2668 467 2674 '
574 2661 872 2728 DIVVS.
963 2656 1386 2727 SEVERVS.
1467 2660 1787 2722 PATER.

570 2769 779 2843 Caput
812 2754 1069 2825 nudum.
1124 2844 1128 2848 Δ

285 2863 945 2928 CONSECRATIO.
1033 2866 1301 2947 Aquila.
1372 2862 1504 2928 AR.
1588 2861 1791 2944 (Mus.

291 2966 515 3050 Caes.)

1020 3065 1059 3103 Ἰ

855 3108 895 3147 αι
1185 3107 1243 3146 πεἢ

574 3168 826 3237 DIVO.
900 3165 1281 3236 SEVERO.
1430 3168 1632 3245 Caput
1686 3186 1791 3228 ra·

580 3276 855 3333 diatum.
1650 3319 1661 3328 ,

298 3372 967 3438 CONSECRATIO.
1001 3372 1265 3454 Aquila.
1311 3369 1385 3429 In
1417 3365 1596 3430 aliis:
1647 3370 1791 3430 Ara

295 3476 645 3537 esculenta.
687 3476 828 3537 AR.
874 3475 1073 3552 (Mus.
1106 3472 1324 3548 Caes.)

419 3575 757 3640 Postremi
785 3573 856 3635 hi
889 3573 1069 3635 numi
1104 3592 1253 3634 cum
1292 3570 1503 3654 capite
1536 3561 1787 3632 radiato

301 3672 380 3735 ad
395 3677 774 3760 sequiorem
794 3686 1071 3737 aetatem
1086 3671 1436 3756 pertinent,
1475 3669 1558 3733 ad
1573 3689 1787 3755 quam,

306 3773 780 3859 disputabimus
829 3776 897 3838 in
948 3788 1229 3839 tractatu
1265 3774 1350 3838 de
1378 3771 1593 3835 numis
1635 3789 1789 3835 con-

266 3878 711 3943 ,sect-ationis.
878 3865 881 3868 ¹
950 3883 953 3892 “
1329 3873 1333 3877 ’

583 4101 783 4165 Numi
813 4099 1144 4161 commatis
1164 4098 1513 4179 pereqrt'm‘.

434 4286 539 4350 De
572 4283 788 4348 numis
815 4286 1068 4348 urbium
1103 4285 1475 4355 liberarum,
1520 4291 1588 4341 et
1622 4279 1792 4342 colo·

311 4389 560 4450 uiarum
603 4386 769 4448 nihil
805 4382 1111 4448 distinete
1156 4367 1651 4445 memorandum
1684 4399 1791 4442 oc·

1905 734 2145 810 currit,
2189 757 2338 797 nam
2369 732 2641 817 insignis
2674 750 2904 799 eorum
2942 750 3154 800 exstat
3185 740 3397 826 copia,

1904 833 2062 919 quin
2086 849 2154 897 et
2183 856 2407 899 earum
2455 835 2798 918 regionum
2822 881 2839 913 ,
2885 859 3158 921 quarum
3193 842 3395 927 urbes

1868 926 2035 1027 *non
2082 934 2278 999 facile
2312 936 2783 1021 imperatorum
2835 938 3027 1002 alteri
3066 957 3398 1009 monetam

1907 1033 2319 1111 dedicavere,
2362 1061 2519 1122 quas
2550 1039 2724 1100 inter
2742 1043 3201 1106 memorandae
3220 1065 3398 1107 cum-

1901 1135 2131 1219 primis
2171 1138 2369 1201 urbes
2389 1139 2851 1224 Peloponnesi,
2887 1163 3053 1227 quae
3092 1145 3399 1229 copiosos

1905 1238 2171 1315 Severi,
2236 1253 2303 1301 et
2342 1240 2484 1323 ejus
2531 1241 2817 1303 familiae
2850 1243 3115 1305 nomine
3160 1237 3397 1309 numos

1903 1340 2286 1423 signavere,
2370 1354 2440 1402 ut
2487 1363 2604 1404 suo
2666 1343 2818 1405 loco
2879 1325 3393 1410 observavimus.

1904 1442 2146 1503 Contra
2202 1454 2381 1503 tanto
2411 1443 2700 1526 „parcior
2765 1447 3136 1529 Aegyptus,
3210 1449 3397 1530 cujus

1902 1541 2277 1624 paucissimi
2325 1554 2580 1606 exstant
2615 1545 2798 1615 numi
2837 1565 2986 1607 cum
3022 1552 3236 1631 capite
3281 1551 3399 1611 Se·-

1902 1643 2088 1717 veri,
2149 1646 2483 1721 Domnae,
2539 1660 2606 1708 et
2651 1644 2983 1722 filiorum,
3042 1650 3201 1732 quin
3244 1671 3396 1734 pro·-

1903 1741 2192 1805 habilem
2238 1745 2382 1827 ejus
2440 1747 2875 1829 parsimoniae
2920 1769 3180 1813 eausam
3247 1773 3399 1837 pos·

1905 1862 2107 1906 simus
2153 1847 2581 1913 constituere.

2139 2089 2583 2151 NOMINA
2638 2108 2730 2150 ac
2790 2092 3179 2153 TITVLI.

2417 2291 2863 2353 Pertinax.

2031 2454 2266 2517 Narrat
2287 2453 2666 2539 Spartianus
2699 2456 2787 2538 d),
2836 2460 3179 2539 Severum,
3221 2438 3401 2547 post-

1904 2574 2095 2637 quam
2160 2555 2580 2618 Pertinacem
2646 2557 2819 2621 inter
2888 2559 3075 2622 divos
3147 2567 3396 2641 retulit,

1900 2657 2319 2719 Pertinacem
2381 2678 2453 2719 se
2513 2650 2740 2720 vocari*
2784 2658 3073 2742 jussisse.
3139 2666 3399 2748 Capito·

1903 2757 2077 2819 linus
2122 2757 2312 2820 illum
2351 2778 2577 2820 amore
2629 2758 2788 2820 honi
2839 2761 3155 2846 principis
3208 2788 3244 2829 a
3295 2787 3396 2831 se-

1902 2873 2058 2921 natu
2087 2859 2153 2920 id
2193 2877 2434 2920 nomen
2468 2859 2802 2942 accepisse
2833 2874 3111 2926 testatur
3141 2866 3199 2947 θ)
3223 2912 3239 2942 ,
3287 2871 3397 2932 cui

1905 2975 1973 3023 et
2015 2959 2271 3023 accedit
2324 2959 2513 3022 divus
2560 2960 3002 3044 Hieronymus
3047 2961 3121 3046 ¹).
3178 2970 3396 3032 Hero-

1905 3061 2134 3124 dianus
2177 3059 2348 3123 illud
2397 3060 2521 3123 sibi
2585 3084 2739 3125 mox
2784 3079 3047 3149 arrepto
3091 3068 3396 3153 imperio,

1905 3175 1973 3224 et
2019 3182 2166 3224 cum
2219 3162 2433 3225 adhuc
2478 3163 2546 3224 in
2594 3164 2865 3259 Illyrico
2906 3183 3174 3250 ageret,
3232 3171 3400 3233 indi-

1906 3262 2082 3326 disse
2115 3264 2362 3327 adserit
2392 3264 2454 3344 8)
2476 3308 2494 3340 ,
2539 3279 2734 3348 atque
2765 3265 2934 3327 infra
2956 3312 2972 3344 ‚
3016 3255 3391 3354 professum

1907 3385 2115 3441 eum,
2156 3384 2305 3427 cum
2358 3363 2642 3446 primum
2711 3369 2988 3428 Romam
3044 3372 3255 3449 venit,
3329 3375 3398 3437 in

1906 3467 2120 3542 curia,
2179 3484 2250 3526 se
2293 3484 2428 3526 non
2469 3464 2837 3529 Pertinacis
2889 3468 3087 3533 modo
3127 3492 3397 3550 nomen,

1862 3607 1871 3612 ψ
1907 3566 2026 3629 sed
2064 3579 2351 3629 mentem
2381 3585 2641 3650 quoque
2675 3565 3045 3631 habiturum
3080 3567 3166 3651 ¹²).
3233 3572 3393 3667 Qui-

1848 3679 1861 3756 j
1903 3667 2026 3730 bus
2071 3667 2464 3730 testimoniis
2510 3667 2866 3745 docemur,
2930 3669 3303 3755 adoptatum
3356 3696 3395 3737 a

1907 3771 2155 3832 Severo
2188 3787 2311 3852 per
2330 3766 2660 3831 adfectum
2679 3769 2747 3830 in
2779 3774 3191 3853 praeclarum
3216 3775 3394 3839 hunc

1902 3870 2308 3955 principem,
2376 3888 2493 3931 seu
2550 3889 2816 3946 verum,
2891 3892 3043 3947 seu,
3106 3876 3283 3959 quod
3327 3877 3399 3938 in

1905 3972 2195 4052 omnium
2227 3991 2376 4034 eum
2393 3988 2617 4032 amore
2645 3973 3154 4052 esseintellexit,
3200 3978 3400 4038 simu-

1902 4073 2129 4136 latum.
2225 4072 2448 4165 Quare
2510 4086 2795 4156 nugatur
2844 4075 3077 4142 Victor
3116 4074 3203 4158 i),
3281 4080 3397 4163 qui

1905 4194 2057 4237 eum
2104 4172 2198 4237 sic
2247 4173 2493 4235 dietum
2535 4174 2676 4236 sive
2721 4188 2994 4256 propter
3046 4176 3398 4261 vitae‘par·

1907 4276 2268 4351 simoniam,
2313 4274 2489 4349 sive,
2536 4273 2713 4358 quod
2753 4273 2970 4336 verius
3003 4275 3126 4361 ipsi
3161 4278 3394 4354 visum,
3509 4267 3538 4281 ⁵

1846 4384 1855 4394 ’
1903 4392 2179 4464 propter
2210 4375 2669 4438 crudelitatem
2707 4389 2954 4441 censet.
3022 4378 3393 4444 Scommata

381 4637 440 4708 8)
474 4637 542 4694 L.
578 4635 848 4695 LXXIV.
886 4585 939 4709 ᾗ.
976 4641 1031 4695 4.
1215 4632 1279 4705 b)
1317 4632 1380 4689 in
1420 4632 1728 4724 Caracalla
1768 4632 1895 4691 sub.
1934 4631 2064 4690 init.
2247 4636 2308 4702 8)
2349 4629 2542 4690 Iscriz.
2581 4628 2796 4688 Alban.
2834 4651 2894 4707 p.
2930 4630 3019 4692 56.
3222 4631 3287 4706 d)
3325 4633 3388 4692 in

317 4723 521 4785 Severo
560 4747 607 4786 8.
641 4740 694 4792 7.
924 4726 984 4796 8)
1029 4723 1094 4781 in
1128 4724 1345 4786 pertin.
1386 4743 1441 4783 c.
1473 4731 1560 4784 15.
1788 4724 1841 4793 f)
1877 4724 1940 4780 in
1977 4719 2292 4784 Chronico.
2531 4726 2595 4797 g)
2633 4723 2705 4782 In
2738 4723 2968 4783 Iuliano
2999 4720 3068 4783 L.
3109 4721 3179 4782 11.
3221 4743 3272 4784 8.
3304 4737 3388 4785 ¹0.

316 4809 380 4886 h)
417 4814 479 4874 in
515 4817 731 4880 Severo
762 4816 827 4877 1..
863 4814 933 4875 11.
975 4834 1029 4875 8.
1065 4821 1150 4876 14.
1336 4813 1387 4887 i)
1427 4814 1487 4871 in
1528 4813 1825 4874 Caesarib.
