4652 5937
1318 469 1453 532 138
2552 437 3149 516 CRISPINA.

1306 634 1431 714 jam
1448 632 1648 694 fuisse
1669 641 1939 695 constat.
1974 629 2280 720 Ceterum
2303 626 2606 708 observo,
2643 637 2802 688 tam-
2912 626 3223 689 Aurelius
3267 626 3483 691 dietus
3519 640 3620 692 est
3644 629 3820 690 ῙΜΡ.
3856 629 4007 707 m,
4038 645 4174 694 erat
4201 633 4389 697 Com·

1306 735 1418 798 diu
1465 730 1900 798 Commodum
1929 727 2349 813 imperatoris
2392 729 2656 790 titulum
2702 728 2825 787 in-'
2912 727 3334 793 moduslMP.
3357 732 3435 793 11.
3458 775 3474 805 ‚
3500 750 3627 813 quo
3647 743 3945 814 tempore
3960 732 4078 795 ille
4094 736 4388 810 nmx„

1303 849 1443 897 star
1507 832 1951 917 praenominis
2010 829 2424 906 adhibuisse,
2480 828 2634 890 dum
2680 827 2800 888 im-
2912 828 3020 891 hic
3051 830 3411 914 imperator
3438 833 3584 906 111.,
3630 844 3702 891 ut
3742 834 3959 908 numi,
4007 833 4125 896 sed
4163 835 4394 918 proba·

1305 949 1573 1019 perator
1606 954 1687 996 ex
1722 934 2011 997 victoriis
2049 932 2401 1005 diceretur,
2448 930 2624 1016 quod
2649 929 2793 990 fere
2908 944 3013 993 tae
3047 929 3201 993 fidei
3225 975 3243 1007 ‚
3302 945 3369 992 et
3410 952 3547 993 non
3603 931 4056 1014 perfunctorie
4088 935 4395 1018 descripti

1308 1036 1681 1099 observavit
1740 1034 1935 1096 etiam
1979 1047 2167 1117 pater
2217 1036 2501 1097 Marcus.
2597 1032 2802 1093 Dein·
2911 1032 3256 1093 manifeste
3277 1030 3536 1095 docent.
3582 1033 4068 1112 Tillemontius‚
4095 1037 4394 1121 quoniam

1307 1157 1463 1220 ceps
1518 1135 1851 1199 rarissime
1909 1135 2084 1199 hunc
2127 1135 2449 1199 honorem
2496 1131 2800 1221 praefixit
2910 1132 3381 1206 Mediobarbo,
3461 1132 3734 1217 ejusque
3807 1137 4117 1198 monstris
4187 1136 4388 1202 fidem

1312 1236 1730 1301 Commodus.
2909 1233 3166 1308 habuit,
3228 1233 3479 1317 laqueis
3531 1253 3602 1295 se
3658 1234 3944 1320 undique
3991 1238 4396 1322 implicatum

1880 1380 1918 1417 ι
2045 1323 2086 1377 ‘¹⁵'
2208 1380 2249 1422 ,ᾗ
2885 1334 3072 1399 ,vidit
3103 1335 3196 1414 ⁸),
3246 1355 3410 1417 quos
3452 1334 3759 1410 vitasset,
3805 1338 3860 1398 si
3890 1337 4101 1399 minus
4144 1339 4403 1403 habuis-

1307 1443 1656 1518 Imperator
1692 1456 1776 1500 ex
1807 1442 2116 1501 victoriis.
2177 1476 2185 1482 -
2915 1449 3016 1497 set
3051 1434 3369 1518 obsequii.
3414 1435 3602 1506 Adde
3617 1438 3926 1522 Pagium,
3972 1439 4086 1524 qui
4110 1462 4225 1504 suo
4240 1443 4400 1503 item

1432 1541 1597 1601 Cum
1634 1539 1917 1621 primum
1952 1539 2232 1622 Augusti
2265 1540 2527 1604 titulum
2551 1562 2699 1606 cnm
2729 1542 2803 1604 fi·
2916 1536 3349 1599 Mediobarbo
3393 1539 3585 1601 nixus
3632 1540 3849 1603 omnia
3904 1542 4271 1625 corrumpit
4310 1539 4401 1618 ¹²).

1304 1640 1400 1702 lio
1432 1637 1935 1703 communicavit
1953 1642 2214 1701 Marcus
2236 1684 2252 1715 ‚
2290 1640 2568 1703 eundem
2606 1644 2799 1705 etiam
2919 1637 3173 1731 Quibus
3209 1638 3427 1714 annis,
3474 1652 3543 1701 et
3574 1640 3808 1724 quibus
3841 1661 3921 1703 ex
3954 1641 4247 1705 victoriis
4284 1644 4404 1706 ite-

1289 1740 1521 1803 Jaudis
1579 1737 1860 1800 bellicae
1907 1758 1941 1799 a
1985 1739 2277 1801 victoriis
2313 1741 2559 1804 relatae
2605 1745 2805 1828 parti·
2916 1740 3163 1803 raverit
3204 1739 3379 1800 hunc
3412 1741 3671 1803 titulum
3693 1784 3708 1818 ,
3752 1740 3822 1804 in
3852 1743 4195 1809 annalibus
4223 1746 4403 1834 dige-

1309 1841 1526 1927 cipem
1561 1837 1744 1902 fecit.
1795 1839 2019 1934 Quare
2052 1838 2288 1904 eodem
2309 1854 2632 1927 tempore,
2671 1865 2802 1930 quo
2919 1854 3088 1903 stum
3124 1840 3441 1924 reperies.

2601 2158 2804 2222 1³12ss
2829 2157 2940 2219 TI
2958 2157 3117 2220 VM.

1469 2418 1483 2430 ·
1520 2352 1859 2411 commatis
1899 2352 2180 2412 Romani
2194 2372 2219 2411 .·

1813 2492 1827 2500 -
1909 2449 2115 2512 Aurei
2231 2491 3643 2522 ..............
3728 2460 3934 2520 RRR.

1911 2549 2118 2611 Aurei
2165 2571 2338 2614 max.
2386 2554 2541 2616 mod
2547 2592 3649 2621 ...........
3733 2561 3997 2621 RRRR.

1617 2651 1714 2711 De
1751 2653 1965 2711 utentis
1999 2653 2319 2712 Commodi
2350 2658 2566 2716 aureis
2590 2658 2737 2718 vide
2764 2662 3128 2735 separatum
3160 2656 3503 2718 articulum
3529 2677 3725 2737 snpra
3747 2674 3903 2741 paq.
3928 2666 4073 2724 133.

1910 2748 2231 2833 Argentei
2328 2793 3625 2822 .............
3678 2741 3681 2748 ‚
3712 2759 3784 2821 C.

1915 2850 2128 2926 Aenei
2169 2872 2340 2912 max.
2386 2854 2539 2917 mod
2547 2894 3620 2930 ...........
3704 2861 3847 2924 RR.

1912 2951 2123 3013 Aenei
2156 2955 2206 3016 1.
2257 2966 2325 3015 et
2361 2954 2443 3017 11.
2495 2954 2748 3020 formae
2863 3000 3522 3036 .......
3594 3003 3633 3037 .·.
3710 2961 3790 3023 C.

1909 3051 2122 3112 Aenei
2149 3053 2258 3112 111.
2295 3051 2549 3138 formae
2651 3099 3624 3132 ..........
3714 3061 3796 3125 Ο.

1520 3153 1860 3214 commati-s
1890 3154 2224 3230 pereyrt'ni
2239 3176 2265 3214 .·

1926 3250 2245 3334 Argentei
2289 3254 2550 3316 urbium
2594 3258 2993 3324 Graecarum
3083 3299 3626 3325 ......
3712 3239 3879 3326 BR.s

1914 3352 2125 3413 Aeaei
2169 3336 2331 3417 varii
2365 3356 2613 3419 modun
2663 3401 3705 3427 ...........
3724 3366 3797 3426 ο.

1913 3452 2341 3517 Coloniarum
2439 3502 3631 3527 ............
3718 3466 3795 3527 C·

1915 3553 2344 3617 Alexandrini
2440 3601 3638 3626 ............
3723 3565 3797 3627 C.

2500 3870 3220 3938 CRISPINA.

1440 4060 1987 4145 BrutiaCrispina
2023 4061 2237 4124 Brutii
2256 4058 2629 4128 Praesentis
2665 4065 2803 4130 filia
2914 4070 3075 4155 pulo
3136 4070 3474 4154 congiario
3508 4071 3589 4149 ο).
3671 4075 3945 4138 Faotum
4007 4078 4184 4142 istud
4234 4102 4413 4145 anno

1316 4178 1554 4246 agente
1584 4167 1674 4226 M.
1695 4162 1968 4228 Aurelio
2006 4164 2423 4231 matrimonio
2448 4184 2595 4251 qum
2614 4168 2806 4230 Com·
2914 4173 3001 4240 V.
3033 4175 3106 4236 C.
3155 4172 3279 4254 930
3307 4218 3323 4249 ‚
3387 4171 3631 4237 docent
3674 4177 3855 4238 numi
3912 4180 4295 4258 Commodi,
4339 4198 4416 4246 et

1311 4264 1508 4327 modo
1536 4264 1759 4346 juncta
1797 4277 1896 4325 est
1929 4246 2278 4327 celebratis
2312 4266 2556 4350 nuptiis
2582 4285 2802 4329 exem·
2858 4329 2883 4336 „
2916 4272 3048 4335 Dio
3081 4269 3166 4351 d).
3221 4274 3720 4358 Deprehensam
3761 4278 3827 4337 in
3858 4278 4186 4344 adulterio
4219 4285 4417 4345 Com-

1313 4365 1426 4450 plo
1455 4364 1857 4448 privatorum
1880 4408 1896 4439 ‚
1963 4378 2030 4425 et
2074 4363 2225 4429 dato
2273 4365 2416 4449 ejus
2463 4385 2654 4430 causa
2689 4389 2805 4452 po·
2920 4375 3151 4437 modus
3189 4376 3476 4459 primum
3507 4378 3752 4461 palatio
3784 4381 4123 4459 exturbat,
4169 4383 4411 4448 deinde

1411 4574 1474 4641 a)
1528 4568 1592 4631 in
1621 4571 1862 4627 Aurelio
1896 4584 2036 4629 nota
2063 4574 2196 4632 XX.
2344 4575 2414 4646 b)
2476 4574 2618 4633 Crit.
2652 4578 2863 4637 Baron.
2897 4583 2975 4639 ad
3017 4603 3155 4644 ann.
3196 4582 3336 4644 Chr.
3377 4599 3483 4654 175
3522 4600 3581 4648 et
3615 4589 3761 4650 alibi
3800 4593 4037 4669 passiam.
4185 4605 4252 4673 c)
4296 4605 4410 4662 Ca·

1307 4658 1544 4734 pitolin.
1581 4658 1648 4718 iu
1666 4660 1748 4723 Μ.
1778 4658 1983 4723 Aurei.
2019 4680 2068 4718 c.
2102 4672 2190 4725 28.
2340 4666 2404 4740 d)
2447 4666 2511 4722 L.
2543 4666 2756 4727 LXXI.
2779 4688 2841 4729 c.
2873 4682 2967 4737 33.
