4652 5937
1376 453 1377 464 ,
1442 382 2116 468 SALONINVS.
2187 380 2196 389 ’
3182 414 3325 490 425

1840 570 2073 651 Coepit
2118 591 2321 636 annus
2367 567 2425 633 Δ
2468 586 2753 638 exeunte
2799 576 3094 661 Augusto
3142 580 3223 647 V.
3262 582 3338 645 C.
3381 629 3386 632 .

1808 690 2006 754 -uooq
2071 676 2144 733 P.
2204 675 2284 734 X.
2349 675 2510 752 256,
2572 692 2636 740 et
2699 700 2902 740 annus
2967 681 3017 739 Z
3101 683 3339 744 eodem

1839 793 2066 838 mense
2110 776 2190 839 V.
2233 777 2306 839 C.
2353 796 2512 840 tots
2570 781 2643 841 P.
2680 781 2761 839 X.
2811 779 2971 860 259,
3019 801 3150 864 quo
3193 782 3343 865 ipso

1839 893 1991 935 eum
2023 898 2189 937 anno
2222 877 2502 941 subinde
2540 899 2802 941 caesum
2837 879 3141 943 diximus.
3218 885 3342 945 Et·-

1841 996 1924 1056 go
1955 977 2303 1046 Saloninus
2343 981 2676 1062 Augustus
2725 980 3079 1043 fuit-annis
3109 983 3341 1045 solidis

1842 1076 2132 1150 duobus,
2181 1094 2246 1140 et
2285 1082 2515 1141 saltem
2553 1082 2802 1164 aliquot
2835 1081 3190 1145 mensibus.
3238 1086 3341 1144 Ex

196 573 508 636 Constat
559 566 836 643 deinde,
879 563 961 630 ad
1004 566 1471 651 imperatorem
1523 570 1728 653 perti-

181 676 451 737 nuisse
500 671 602 755 jus
647 668 944 753 signandi
989 670 1132 732 auri
1175 671 1597 760 argentique,
1644 672 1723 734 ad

190 789 528 837 senatum
572 773 742 836 aeris
770 816 787 849 ‚
852 772 1024 833 unde
1067 771 1136 836 in
1178 788 1487 856 promptu
1531 777 1720 850 ratio,

192 899 346 940 cur
379 888 593 938 exstet
627 886 1016 956 argenteus,
1064 874 1573 958 quiSaloninum
1595 878 1724 937 Au-

194 991 490 1061 gustum
544 976 723 1039 dicit.
810 976 1079 1036 Certum
1132 975 1452 1049 denique,
1486 996 1727 1046 ,conse-

193 1079 587 1142 crationem
647 1077 811 1159 juris
859 1074 1174 1160 senatorii
1224 1074 1469 1150 fuisse,
1550 1078 1722 1141 unde

189 1180 552 1242 rationem
597 1199 858 1240 rursum
912 1193 1248 1251 tenemus,
1313 1198 1433 1239 cur
1473 1178 1727 1239 Saloni-

83 2124 111 2138 -
213 2085 351 2149 tari
388 2086 868 2172 acquirebatur.

198 1271 350 1342 ιιύε
400 1279 468 1341 in
514 1279 1027 1344 consecrationis
1070 1279 1284 1339 numis
1316 1280 1555 1340 Caesar
1586 1293 1726 1341 tan-

199 1396 366 1443 tum
403 1380 802 1443 nominetur.
847 1378 1043 1471 Quod
1090 1399 1249 1441 vero
1291 1379 1355 1441 in
1398 1381 1727 1464 aliquibus

197 1481 483 1555 numia,
562 1483 674 1566 qui
724 1480 789 1541 in
850 1480 1208 1563 provinciis
1268 1481 1502 1564 signati
1552 1493 1721 1557 sunt,

204 1601 398 1666 quae
432 1597 692 1645 senatus
727 1583 918 1645 fuere
939 1625 955 1656 ,
1003 1581 1260 1642 dicatur
1288 1595 1504 1642 tamen
1534 1584 1729 1661 impe-
1763 1577 1767 1582 ⁴

203 1694 407 1746 rator
466 1683 856 1767 simpliciter
877 1726 895 1756 ‚
973 1699 1381 1766 nequaquam
1459 1681 1721 1758 mirum,

205 1804 375 1845 nam
413 1798 485 1846 ut
519 1784 665 1869 quis
703 1795 1176 1866 agnosceretur
1196 1785 1565 1866 Augustus,
1610 1802 1724 1842 ne·

210 1903 415 1947 cesse
442 1899 582 1947 erat
604 1884 923 1949 accedere
950 1881 1402 1945 auctoritatem
1437 1895 1720 1957 senatus,

211 1999 286 2048 at
337 1985 756 2076 imperatoris
791 1985 1020 2047 titulus
1050 1983 1523 2044 adclamatione
1555 1983 1724 2045 mili-

351 2190 569 2276 Atque
612 2187 744 2250 hoc
784 2187 1060 2250 obtentu
1100 2182 1560 2269 Brequignyus
1590 2183 1726 2268 pla·

216 2308 308 2350 na
343 2289 561 2350 omnia
584 2287 913 2372 spondet,
960 2283 1125 2371 quae
1158 2283 1475 2367 impedita
1504 2285 1723 2349 hacte-

216 2410 350 2451 nus
386 2391 581 2473 atque
617 2387 904 2472 implexa
934 2385 1349 2450 videbantur.
1413 2387 1563 2482 Quo
1604 2388 1725 2448 mi-

217 2497 357 2553 nus·
383 2490 699 2554 continuo
729 2487 1073 2552 adsensum
1095 2501 1418 2568 praestem
1444 2531 1473 2562 ‚.
1509 2487 1724 2550 obstat

354 2593 409 2652 1.
452 2590 745 2654 Auctore
799 2590 943 2674 ipso
991 2588 1338 2650 Saloninus
1394 2587 1463 2648 in
1519 2608 1721 2651 numo

221 2683 543 2776 argenteo
575 2690 817 2753 dicitur
853 2691 1183 2771 Augustus
1207 2733 1225 2763 ‚
1288 2690 1594 2772 quoniam
1627 2688 1723 2750 fe-

224 2791 450 2858 riundi
506 2790 764 2875 argenti
822 2788 927 2873 jus
987 2790 1069 2852 ad
1113 2788 1476 2880 principem
1521 2788 1723 2872 perti-

221 2893 386 2955 nuit.
433 2892 722 2988 Quaero,
763 2910 886 2954 cur
917 2890 1094 2954 idem
1128 2892 1196 2952 in
1213 2890 1545 2974 argenteis
1569 2909 1724 2953 con·

138 3061 142 3064 Α
230 2993 615 3056 secrationis
643 2992 856 3057 numis
891 3006 1069 3056 tanto
1105 3014 1382 3056 numero
1413 2993 1726 3075 supersti-

227 3095 403 3163 tibus
423 3137 442 3170 ,
489 3107 865 3156 constanter
897 3094 1154 3177 dicatur
1182 3096 1421 3157 Caesar
1448 3106 1721 3168 tantum,

234 3199 561 3277 Augustus
583 3214 670 3277 ext
687 3193 830 3274 ejus
857 3194 1175 3256 sententia
1200 3215 1527 3279 nunquam
1544 3192 1578 3254 ἱ)
1621 3194 1723 3254 An

236 3306 306 3357 ut
352 3293 861 3356 consecrationis
915 3292 1294 3368 decretum,
1362 3294 1451 3355 ita
1501 3306 1569 3355 et
1618 3291 1721 3375 jus

238 3394 533 3478 signandi
581 3413 819 3456 aureos
857 3405 1339 3478 argenteosque
1383 3412 1726 3454 consecra·

238 3494 429 3559 tionis
486 3515 719 3557 numos
784 3495 867 3557 ad
923 3506 1216 3556 senatum
1262 3492 1719 3577 pertinuerat?

240 3597 349 3659 Sin
373 3594 585 3671 istud,
631 3595 835 3658 curin
864 3578 1152 3656 omnium
1187 3607 1719 3656 consecratorum

238 3695 599 3779 principum
634 3696 850 3758 numis
878 3693 1228 3758 nobilioris
1258 3695 1508 3758 metalli
1537 3694 1723 3757 abest

240 3809 384 3861 nota
417 3798 490 3860 S.
519 3798 592 3861 C.
614 3794 647 3859 ⁶?
687 3797 860 3863 Novi
890 3816 1033 3860 eam
1067 3796 1384 3860 exsistere
1421 3797 1487 3857 in
1506 3796 1720 3859 numis

242 3898 449 3964 aureis
491 3896 952 3984 argenteisque
986 3888 1118 3959 divi
1152 3897 1566 3982 Vespasiani:
1612 3916 1722 3962 ve·

241 4023 378 4066 rum
406 4000 548 4064 tum
598 3999 911 4063 scribitur
941 3999 1083 4063 Ex.
1116 4000 1182 4061 S.
1218 4000 1291 4061 C.
1315 4044 1333 4074 ‚
1377 4017 1508 4085 quo
1557 3996 1726 4059 indi·

245 4103 406 4179 cari,
468 4121 603 4166 non
647 4102 772 4165 hos
814 4121 1051 4164 numos
1113 4111 1372 4161 senatus
1419 4097 1721 4161 consulto

243 4204 433 4268 fuisse
475 4222 703 4280 cusos,
747 4200 867 4265 sed
905 4201 1376 4286 Vespasianum
1427 4220 1512 4264 ex
1548 4201 1616 4264 S.
1643 4200 1745 4303 C.

247 4316 684 4371 consecratum
708 4347 725 4379 ‚
768 4315 1096 4367 noverunt
1130 4322 1376 4365 omnes.

362 4406 445 4468 11.
487 4406 762 4467 Exstant
795 4404 1223 4473 Alexandrini
1266 4403 1561 4469 Salonini
1610 4425 1728 4466 nu-

250 4504 329 4570 mi
367 4525 518 4570 cum
559 4500 752 4568 titulo
798 4506 1107 4590 Augusti,
1167 4506 1482 4592 annisque
1527 4502 1605 4570 Δ.
1649 4507 1724 4570 Ζ.

425 4604 607 4685 (Vol.
657 4600 835 4686 711.)

1841 1197 1971 1260 quo
2006 1182 2432 1264 consequitur
2473 1182 2888 1258 necessario,
2950 1203 3185 1244 numos
3225 1185 3343 1245 Sa·

1839 1278 2045 1339 lonini
2077 1291 2324 1343 ta‘ntum
2367 1281 2664 1345 Caesaris
2698 1298 3046 1369 argenteos
3088 1303 3352 1357 omnes‚·

1841 1400 2118 1463 quorum
2167 1382 2401 1468 ingens
2457 1396 2758 1466 superest
2809 1385 3033 1467 copia,
3082 1384 3235 1467 quin
3275 1395 3345 1446 et

1840 1500 2076 1543 aureos
2114 1503 2384 1558 omnes,
2430 1504 2594 1566 quos
2637 1484 2988 1559 habemus,
3048 1485 3342 1572 signatos

1837 1579 2041 1643 fuisse
2087 1598 2236 1645 ante
2274 1605 2570 1647 mensem
2601 1587 2968 1667 Augustum
2995 1583 3153 1647 dicti
3187 1586 3341 1647 anni

1847 1702 2044 1764 1009,
2115 1705 2262 1749 cum
2317 1685 2631 1768 deinceps
2669 1685 2948 1767 Augusti
2983 1705 3131 1746 eum
3179 1685 3337 1748 ima—

1840 1784 1992 1866 gine
2020 1785 2303 1867 proponi
2345 1806 2620 1850 neeesse
2653 1785 2874 1847 suerit.
2931 1787 3016 1847 At
3047 1807 3168 1848 cur
3206 1807 3344 1851 mo·

1836 1884 2105 1957 netami,
2168 1886 2281 1966 qui
2336 1900 2470 1948 tam
2514 1886 2728 1949 seduli
2787 1885 2978 1947 fuere
3040 1886 3108 1948 in
3154 1889 3340 1951 dedi·

1839 1981 2042 2045 canda
2092 1986 2405 2049 Salonino
2459 1991 2722 2050 Caesari
2771 2001 3072 2063 moneta,
3134 1991 3343 2052 conti·

1719 2103 1741 2121 ·
1838 2103 1970 2144 nuo
2012 2085 2371 2162 remisere,
2420 2109 2501 2149 ex
2536 2107 2666 2173 quo
2709 2087 2764 2148 is
2804 2086 3135 2169 Augustus
3170 2089 3343 2154 fuit?

1841 2185 2039 2246 Certe
2077 2204 2158 2247 ex
2212 2202 2472 2251 moneta
2515 2201 2828 2272 argentea
2879 2188 3173 2251 Salonini
3210 2193 3342 2255 Au-

1837 2285 2010 2369 gusti
2071 2286 2240 2348 intra
2301 2288 2560 2350 biennii
2600 2302 2676 2368 et¹
2729 2287 3010 2372 amplius
3052 2292 3333 2373 spatium

1837 2390 2087 2469 signata
2128 2407 2398 2474 numum
2444 2389 2709 2451 unicum
2748 2381 3064 2451 habemus
3107 2398 3338 2475 super-

1837 2488 2079 2552 stitem.
2170 2490 2241 2550 Si
2301 2508 2459 2551 vera
2519 2477 2925 2574 Brequignyi
2987 2492 3333 2571 sententia,

1836 2609 1918 2648 an
1956 2608 2089 2648 non
2134 2589 2532 2652 c'ontrariurn
2582 2591 2802 2673 potius
2841 2590 3146 2655 debuisse
3186 2613 3339 2674 eve?

1835 2689 1982 2750 nire
2018 2690 2158 2772 ipsa
2184 2690 2355 2753 ratio
2397 2689 2673 2754 suadet?
2717 2690 3048 2774 Adverte‚
3094 2715 3204 2758 me
3225 2694 3337 2761 hic

1836 2786 2022 2873 loqui
2058 2789 2125 2850 in
2176 2781 2498 2854 sententia
2537 2794 2980 2878 Brequignyi‚
3027 2796 3141 2879 qui
3195 2796 3338 2859 uni·

1840 2910 1988 2952 cum
2023 2905 2272 2953 tantum
2311 2909 2699 2979 argenteum
2736 2895 3038 2957 Salonini
3052 2900 3342 2979 Aufusti

1838 2993 2142 3076 agnovit,
2190 2983 2485 3079 reliquos
2537 2996 2818 3059 aliorum
2869 2999 3178 3080 exemplo
3208 3001 3338 3069 Vss‘

1818 3095 2091 3177 ‘let-iano
2123 3095 2259 3177 jun.
2292 3097 2708 3179 adjudicavit.

1962 3197 2072 3255 111.
2117 3198 2452 3259 Habemus
2487 3213 2836 3280 argenteos
2870 3201 3163 3263 Salonini
3215 3223 3340 3264 uua

1835 3313 1983 3355 mos
2012 3294 2362 3378 inscriptos
2382 3299 3104 3363 VtcTORIA.PART.
3123 3344 3140 3375 ,
3185 3320 3338 3383 per·

1835 3393 1990 3454 inde
2049 3413 2124 3455 ac
2183 3396 2388 3477 patris
2450 3397 2739 3459 Gallieni
2760 3394 2798 3474 ,⁶
2845 3412 2911 3460 et
2972 3400 3078 3462 avi
3142 3396 3338 3465 Vale-

1833 3493 2027 3557 riani.
2112 3492 2426 3557 Omnium
2474 3517 2602 3558 una
2640 3510 2743 3559 est
2793 3498 3153 3574 sententia,
3209 3499 3336 3562 hos

1836 3595 2126 3678 signatos
2166 3594 2515 3659 occasione
2559 3594 2874 3660 victoriae
2899 3645 2916 3674 ,
2982 3618 3176 3682 quam
3220 3595 3333 3663 hio

1836 3694 1957 3756 sub
2005 3693 2256 3755 initium
2297 3695 2736 3779 expeditionis
2784 3719 2939 3762 suae
2982 3698 3066 3760 de
3095 3699 3334 3763 ‚Persis

1788 3830 1797 3839 =
1833 3795 2083 3858 retulit.
2126 3796 2425 3858 Relatam
2444 3796 2611 3862 hanc
2631 3799 3024 3884 chronologi
3041 3815 3334 3864 statuunt

1832 3899 1916 3967 V.
1966 3900 2037 3960 C.
2107 3915 2306 3972 ποια,
2385 3897 2498 3981 qui
2536 3901 2959 3985 Brequignyo
3034 3902 3177 3984 ipso
3234 3900 3337 3984 ju·

1836 3992 1984 4061 dice
2013 3996 2139 4059 fuit
2170 4012 2542 4081 postremus
2582 4002 2897 4065 Salonini.
2976 4006 3229 4065 Tamen
3273 4000 3333 4065 is

1833 4098 1903 4162 in
1965 4097 2094 4162 hoc
2158 4118 2360 4161 numo
2424 4100 2665 4164 Caesar
2740 4115 2992 4165 tantum
3068 4102 3331 4179 dicitur,

1834 4200 1949 4285 qui
1997 4214 2133 4264 tum
2166 4199 2276 4264 vel
2322 4190 2606 4264 maxime
2648 4203 2983 4286 Augustus
3014 4193 3334 4268 dicendus

1833 4302 2074 4375 fuerat.
2671 4297 2689 4313 ⁶

1966 4405 2077 4473 1v.
2121 4402 2384 4468 Recitat
2424 4404 2824 4468 muratorius
2869 4404 3194 4489 insignem
3237 4407 3336 4467 in-

1840 4504 2267 4590 scriptionem
2323 4503 2688 4570 dedicatam
2729 4506 3080 4669 Vale¹:·iano
3099 4551 3117 4586 ‚
3180 4506 3334 4572 Gat-

2698 4610 2766 4671 H
2796 4608 2840 4670 h
