4652 5937
2639 242 2672 267 X

2807 382 2822 419 t

1416 488 1543 596 68*
2097 514 2191 585 M.
2300 485 2929 585 AVREles'
3031 502 3771 586 ANTONINVS.

1543 698 1874 761 Omissum
1908 696 1974 757 in
2007 696 2134 760 hoc
2150 715 2349 758 numo
2384 695 2449 757 S.
2473 697 2544 759 C.
2566 740 2582 771 ‚
2627 710 2767 757 tum
2799 697 2907 761 vel
3026 695 3307 770 militer,
3352 678 3631 777 quorum
3664 693 3936 774 patriam
3966 684 4453 767 alii,hactenusse

1413 799 1551 860 sola
1601 800 1818 881 imago
1880 814 2103 883 aperte
2174 799 2570 881 loquuntur,
2638 819 2907 873 numum
3024 796 3333 879 ignorare
3382 796 3668 880 professi
3727 807 3910 870 sunt,
3976 809 4092 857 aut
4135 795 4372 867 salsam,
4406 811 4458 857 ut

1412 901 1586 961 hunc
1651 912 1835 961 extra
1895 899 2127 961 urbem
2170 900 2377 961 fuisse
2419 900 2781 982 signatum,
2841 912 2910 960 et
3029 896 3326 973 videtur,
3405 896 3761 961 adfluxere.
3858 897 4116 958 Eor‘um
4166 897 4352 959 antica
4393 898 4466 959 οἱ·

1414 1001 1679 1085 quidem
1739 1002 1807 1060 in
1848 1001 2108 1064 colonia
2165 1000 2504 1085 quapiam,
2575 1018 2777 1083 quae,
2838 1014 2909 1061 ut
3023 996 3156 1060 fert
3193 998 3296 1061 vel
3334 1014 3527 1082 caput
3562 1003 3656 1061 Μ.
3686 998 3962 1076 Aurelii,
4028 999 4138 1061 vel
4174 998 4462 1060 Faustinae

1409 1105 1565 1164 olim
1632 1102 1849 1165 Gades
1909 1102 2334 1185 Agrippam,‘
2381 1100 2725 1163 Aurelium
2787 1122 2904 1165 no-

1407 1220 1611 1266 strum
1642 1214 1973 1283 parentem
1999 1202 2361 1285 agnoverit.

2128 1302 2166 1339 εὐ

1960 1347 1999 1383 ι
2293 1345 2332 1383 ιε

1689 1404 1935 1468 DIVO.
1956 1404 2285 1467 MARCO.
2320 1407 2526 1482 Caput
2555 1406 2899 1466 radiatum.

1408 1486 2052 1574 coNsssanrso.
2101 1509 2348 1586 Aquila
2367 1516 2567 1566 seam.
2616 1506 2687 1566 ln
2718 1505 2898 1568 anis:

1403 1610 1544 1670 Ara
1574 1612 1922 1671 luculenta.
1982 1609 2117 1667 AR.
2157 1611 2359 1685 (Mus.
2395 1607 2611 1682 Caes.)

1686 1707 1932 1771 DIVO.
2001 1704 2333 1767 MARCO.
2410 1707 2899 1771 ANTONINO.

1692 1812 1897 1886 Caput
1923 1812 2268 1870 radiat-um.

1410 1909 2054 1973 CONSECRATIO.
2113 1914 2359 1992 Aquila
2396 1916 2702 1988 expansis
2754 1914 2902 1972 alis.

1407 2015 1548 2076 AR.
1598 2010 1939 2091 (Baldinus
1986 2014 2179 2074 Tom.
2212 2014 2291 2073 11.
2321 2034 2386 2095 p.
2417 2013 2594 2091 374.)

1532 2116 1863 2195 Vtrosque
1944 2111 2063 2172 hos
2125 2129 2362 2172 numos
2420 2111 2568 2176 vilis
2646 2106 2901 2196 ar‘genti

1403 2215 1612 2276 multo
1648 2213 1852 2275 fuisse
1889 2214 2099 2275 serius
2138 2212 2466 2294 signatos,
2515 2213 2899 2276 docebimus

1404 2316 1564 2378 olim
1624 2316 1693 2378 in
1732 2314 2012 2377 diatriba
2058 2312 2140 2374 de
2195 2314 2409 2375 numia
2463 2319 2898 2378 consecratio-

1401 2438 1581 2481 num.

1675 2623 1876 2683 Numi
1916 2623 2251 2682 commatis
2285 2624 2634 2703 pereqrini.

1408 2810 1470 2866 V
1464 2808 1670 2866 rhium
1708 2808 2071 2866 liberarum.

1527 2907 1892 2967 Numorum
1937 2904 2005 2964 in
2066 2904 2167 2964 his
2214 2904 2614 2990 signatorum
2661 2907 2894 2993 ingens

1402 3021 1503 3068 est
1536 3007 1757 3089 copia,
1805 3005 1952 3090 qui,
2000 3007 2053 3066 si
2093 3006 2250 3090 quid
2282 3011 2600 3071 memoria
2625 3009 2893 3093 dignum

1401 3104 1732 3179 offerunt,
1783 3106 1849 3165 in
1881 3127 1993 3167 sua
2049 3107 2290 3189 singuli
2339 3112 2547 3191 patria
2584 3109 2898 3197 descripti

1402 3221 1571 3269 sunt.
1646 3207 1945 3269 Aliorum
2000 3207 2191 3268 sedes
2220 3211 2453 3271 natalis
2495 3212 2780 3287 incerta,
2828 3227 2898 3276 ut

1395 3325 1751 3370 aeneorum
1800 3308 1854 3371 1.
1905 3321 1969 3370 et
2022 3309 2100 3370 11.
2162 3307 2462 3384 formae,
2551 3313 2664 3396 qui
2744 3313 2898 3377 hinc

1406 3409 1609 3491 Caput
1639 3413 1958 3473 Antonini
1974 3413 2081 3472 Pii
2098 3455 2115 3485 ‚
2161 3410 2347 3474 illinc
2380 3411 2639 3475 Aurelii
2674 3418 2899 3477 Caesa·

1400 3515 1493 3572 ris
1555 3510 1902 3586 exhibent,
1971 3525 2249 3594 suntque
2280 3499 2482 3575 obvii.
2542 3514 2674 3577 Alii
2713 3515 2899 3577 aenei

1400 3611 1448 3670 1.
1485 3608 1776 3685 formae,
1822 3612 1889 3671 in
1921 3632 2200 3695 quorum
2241 3633 2468 3677 aversa
2504 3614 2896 3699 plerumque

1402 3724 1504 3771 est
1568 3714 1769 3789 Caput
1807 3717 2137 3776 Ammonis
2197 3713 2445 3798 scripto
2498 3715 2675 3798 juxta
2742 3714 2896 3776 ΔΗ-

1398 3806 1706 3871 ΜΑΡΧ.
1750 3807 2056 3877 ΕΞΟΤΟ.
2093 3814 2313 3879 addito
2369 3819 2547 3880 vario
2596 3818 2748 3883 trib.
2781 3842 2896 3904 po·-

1401 3913 1653 3975 testatis
1710 3933 2024 3991 numero,
2071 3916 2362 3980 incertae
2394 3919 2565 3982 item'
2595 3936 2745 3984 sunt
2786 3944 2895 4004 pa·

1399 4015 1581 4077 triae.
1641 4017 1892 4082 Verum
1937 4017 2057 4081 ista
2103 4038 2236 4080 non
2307 4041 2709 4107 magnopere
2760 4045 2897 4087 mo-

1400 4137 1644 4179 ramur.

1525 4217 1850 4280 solertius
1901 4233 2173 4284 examen
2211 4239 2552 4290 merentur
2580 4227 2761 4290 numi
2797 4249 2897 4290 ar·

1399 4410 1673 4482 ΥΠΕΡ.
1722 4417 2034 4484 NIKHC.
2082 4420 2599 4506 ΡΩΜΑῙΩΝ,
2656 4447 2766 4496 aut
2806 4433 2889 4495 sia

2999 1099 3328 1183 ¹junioris,
3378 1102 3483 1164 vel
3517 1102 3809 1177 1..·Veri,
3863 1101 3966 1163 vel
4006 1100 4317 1162 Lucillae.
4364 1103 4467 1161 Eos

3020 1221 3247 1262 omnes
3308 1176 3600 1285 collegi?
3653 1215 3717 1263 et
3775 1203 4107 1285 explicavi
4171 1202 4237 1263 in
4291 1202 4462 1263 numi:

3017 1302 3531 1384 Mesopotamiae
3582 1303 3763 1365 urbis
3828 1304 4128 1366 incertae
4193 1302 4336 1371 vol.
4390 1303 4470 1362 111.

3016 1421 3169 1483 pag.
3218 1403 3379 1476 520,
3434 1400 3583 1465 nam
3638 1403 3830 1484 hujus
3876 1422 3992 1466 eos
4035 1404 4474 1489 esse.regionis

3018 1521 3222 1584 opus,
3269 1504 3377 1565 vix
3407 1504 3562 1566 reor
3587 1526 3785 1587 posse
3824 1505 4141 1569 dubitari.

3026 1618 3042 1634 ·
3143 1607 3560 1666 Coloniarum
3587 1606 3768 1667 numi
3803 1607 4334 1691 perfrequentes.

3143 1709 3584 1766 Alexandrini
3610 1707 3771 1767 item
3812 1710 4110 1790 copiosi,
4163 1703 4229 1771 at
4276 1709 4480 1793 parcio-

3013 1827 3122 1867 res
3143 1809 3527 1868 Antiocheni
3546 1849 3564 1881 ‚
3612 1820 3681 1869 ut
3705 1806 3987 1871 diximus
4014 1811 4082 1891 in
4103 1825 4356 1874 moneta
4375 1815 4479 1872 An-

3027 1908 3307 1970 tiochiae
3349 1907 3596 1989 Syriae.

3253 2112 3701 2174 NOMINA
3753 2130 3834 2173 ac
3883 2116 4291 2176 TITVLI.

3141 2317 3312 2374 Ante
3344 2315 3749 2395 adoptionem
3770 2335 3895 2390 ..ac
3922 2316 4217 2397 primum
4252 2327 4392 2377 nato
4410 2313 4482 2373 in-

2859 2458 2988 2482 m...
3015 2413 3689 2495 dimfflflesemomina
3713 2419 3919 2479 Annii
3981 2420 4141 2482 Veri
4189 2441 4225 2481 a
4256 2415 4481 2479 nomine

2839 2564 2870 2585 ,⁴
2911 2576 2920 2585 ὁ
2969 2558 2982 2585 -,
3013 2516 3166 2590 avi*
3203 2528 3275 2576 ut
3323 2515 3412 2576 ait
3449 2515 3884 2597 Capitolinus,
3954 2539 4322 2603 quanquam
4380 2515 4482 2575 hoc
4607 2534 4608 2537 ¹

3017 2617 3214 2677 etiam
3266 2629 3434 2677 teste
3484 2615 3658 2677 idem
3735 2639 3997 2703 quoque
4072 2639 4318 2682 nomen
4383 2614 4483 2676 suit

3017 2716 3187 2800 patri
3237 2721 3315 2796 ⁸).
3397 2721 3485 2779 M.
3518 2724 3801 2781 Annium
3848 2727 4080 2784 Verum
4126 2734 4278 2785 ante
4321 2717 4484 2799 adop-

3011 2817 3261 2878 tionem
3313 2816 3507 2879 e'tiam
3555 2822 3846 2883 nominat
3896 2824 4044 2884 Dio'
4093 2821 4187 2903 b).
4250 2814 4482 2883 Dictum

3016 2933 3360 3002 praeterea
3429 2923 3729 2984 Catilium
3794 2928 4101 2996 Severum
4169 2948 4206 2988 a
4270 2940 4484 3007 proavo

3014 3034 3310 3082 materno
3342 3020 3588 3085 adserit
3624 3026 4060 3109 Capitolinus,
4111 3027 4279 3112 etffin
4305 3022 4485 3087 n'omi·

3013 3142 3097 3183 ne
3129 3122 3344 3184 Catilii
3390 3124 3720 3208 conspirat
3752 3149 4013 3213 quoque
4047 3131 4183 3193 Dio
4215 3130 4294 3204 c).
4352 3129 4485 3187 Post

3013 3222 3217 3303 patris
3297 3235 3636 3286 excessum
3724 3221 3935 3291 dictus
4018 3229 4099 3291 ab
4179 3228 4481 3292 Hadriano

3013 3320 3140 3382 suit
3208 3325 3588 3385 Verissimus
3659 3337 3829 3388 teste
3902 3330 4277 3412 Capitolino
4305 3325 4481 3393 *binis

3016 3421 3219 3498 locis,
3278 3436 3344 3486 et
3377 3424 3756 3506 Lampridio
3791 3425 3891 3509 d),
3937 3427 4022 3491 de
4061 3451 4198 3514 quo
4247 3428 4480 3493 nomine

3014 3542 3200 3584 mox.

3140 3628 3296 3686 Post
3344 3629 3750 3707 adoptionem
3800 3629 4018 3695 omnia
4058 3634 4203 3717 ejus
4238 3632 4482 3696 'nomina

3011 3725 3233 3787 suere:
3299 3730 3390 3790 M.
3419 3732 3650 3791 Aelius
3681 3734 3985 3796 Aurelius
4026 3740 4269 3814 Verus,
4313 3736 4479 3798 etiarn

3020 3830 3437 3902 Verissimus,
3492 3832 3742 3892 Caesar.
3825 3837 4238 3901 Praenomen
4282 3837 4482 3904 Marci,

3014 3940 3080 3989 et
3135 3948 3378 3990 nomen
3432 3932 3584 3990 Veri
3633 3931 3756 3993 sibi
3813 3935 4068 4015 pridem
4115 3940 4318 4003 indita
4351 3935 4484 4001 reti·

3011 4029 3151 4090 nuit
3175 4039 3204 4100 ζ
3238 4034 3416 4092 Aelii
3450 4044 3515 4092 et
3563 4038 3818 4097 Aurelii
3839 4038 3919 4099 ab
3947 4039 4286 4105 Antonino
4317 4054 4479 4125 patre

3011 4128 3320 4213 adoptivo
3341 4133 3574 4198 hausit.
3621 4134 3859 4200 Omnia
3880 4138 4041 4203 haec
4076 4141 4338 4220 nomina
4367 4140 4481 4204 col·

3010 4233 3174 4314 legit
3217 4256 3504 4302 marmor
3542 4239 3763 4322 paullo
3797 4253 3945 4302 ante
3975 4242 4291 4304 Antonini
4324 4260 4477 4303 mor·

1164 4313 1169 4320 ‘
1286 4325 1291 4326 ’
1396 4317 2295 4406 genteidrachmaepondere
2315 4327 2883 4414 inscriptiGraece
3000 4346 3132 4395 tem
3168 4337 3470 4417 positum,
3518 4354 3585 4402 et
3629 4341 4043 4423 inscriptum:
4090 4340 4474 4407 MAELIO.

3005 4435 3426 4502 Avnssmo.
3478 4442 3748 4506 veno.
3813 4443 4239 4511 CAESARE.
4273 4433 4382 4508 ΠΙ.
4425 4441 4474 4518 e)

1419 4561 4477 4611 Ἣ

1470 4684 1476 4694 .
1513 4641 1573 4707 a)
1624 4636 1684 4694 in
1710 4638 1914 4696 Aurei.
1956 4661 2002 4698 c.
2038 4656 2084 4701 1.

2271 4646 2342 4719 b)
2380 4649 2444 4706 1..
2479 4650 2686 4710 Lxlx.
2727 4655 2872 4741 §ar

1398 4738 1608 4807 p.³oo.
1643 4742 1692 4791 ι.

3043 4660 3104 4730 c)
3151 4658 3190 4720 l.
3226 4682 3302 4749 c.,·
3455 4663 3526 4739 d)
3572 4665 3630 4722 in
3678 4665 4027 4756 Diadumen.
4217 4677 4276 4743 e)
4325 4672 4471 4729 Grut.
