4652 5937
1471 381 2279 476 VALEMANVS.

320 569 402 633 in
446 586 647 632 numo
682 564 1040 654 singulari,
1076 585 1271 652 quem
1306 587 1502 651 supra
1536 564 1605 628 in
1641 566 1822 650 vagis

331 669 644 758 produxi.

518 876 615 936 De
655 827 944 935 {er-minis
985 871 1240 949 impetis·
1284 872 1640 932 Valeriani.

366 1081 375 1084 ’
469 1073 633 1139 Cum
663 1070 790 1155 ipsi
823 1082 1085 1134 veteres
1114 1069 1184 1130 in
1213 1068 1599 1133 definiendis
1633 1069 1829 1138 Vale·

335 1175 510 1238 riani
563 1172 745 1240 annis
792 1171 1074 1246 varient,
1116 1189 1523 1254 nequaquam
1568 1173 1827 1247 mirum,

335 1275 601 1340 variare
659 1271 853 1335 etiam
902 1285 1164 1334 nostrae
1209 1272 1832 1353 setstisehronolo·

342 1394 499 1459 gos,
570 1373 654 1435 de
716 1387 997 1457 quorum
1053 1371 1250 1434 variis
1308 1373 1687 1450 sententiis,
1745 1394 1833 1436 ue

339 1474 472 1557 jam
518 1474 858 1556 praeclare
917 1485 1187 1535 tractata
1244 1491 1630 1557 nonquam,
1683 1474 1833 1536 vide

342 1574 917 1658 diligentissimum
953 1572 1445 1634 Tillemontium
1479 1576 1552 1652 ⁸).
1583 1576 1834 1635 Eorum

345 1675 572 1758 opinio
632 1675 977 1737 maximam
1040 1673 1237 1735 habet
1305 1672 1449 1736 veri
1523 1675 1836 1757 speciem,

345 1773 461 1858 qui
519 1794 671 1836 eum
729 1795 764 1835 a
820 1773 1041 1837 Persis
1104 1785 1362 1857 captum
1421 1775 1502 1840 V.
1550 1776 1620 1837 C.
1677 1775 1834 1838 1013

344 1877 424 1937 P.
488 1871 595 1936 X(
629 1874 751 1936 260
812 1888 1208 1955 statuerunt,
1277 1873 1631 1956 praecipue
1691 1895 1840 1957 pro·

348 1989 500 2062 pter
524 1975 709 2057 leges
728 1994 860 2037 non
877 1996 1115 2057 paucas
1150 1975 1386 2040 eodem
1426 1973 1639 2035 adhuc
1669 1996 1839 2037 anuo

351 2097 390 2139 a
430 2074 785 2144 Valeriano
828 2073 1265 2158 subscriptas,
1308 2074 1432 2138 etsi
1476 2073 1706 2135 harum
1748 2088 1843 2137 te-

349 2173 657 2237 stimonia
700 2194 895 2257 quam
938 2176 1067 2237 sint
1106 2170 1400 2249 infirma,
1470 2174 1623 2235 satis
1668 2192 1844 2242 com*

352 2263 639 2357 pertum.
670 2274 922 2343 Verum
950 2275 1018 2335 in
1048 2272 1273 2356 spissis
1300 2273 1592 2337 tenebris
1624 2275 1844 2358 qiiale·

358 2393 616 2460 cunque
631 2372 858 2434 lumen
878 2373 1071 2436 etiam
1093 2388 1466 2456 suspectum
1486 2374 1844 2458 sequimur.

486 2474 918 2536 Consulamus
978 2472 1107 2554 jam
1164 2489 1618 2548 monumenta,
1681 2494 1848 2557 quae

359 2574 636 2642 eruditis
680 2572 783 2634 his
823 2574 984 2638 viris
1026 2573 1216 2636 fuere
1259 2574 1503 2657 ignota.
1565 2578 1635 2635 In
1682 2595 1850 2636 mar·

358 2694 548 2739 more
591 2673 938 2735 muratorii
968 2669 1026 2750 l²)
1069 2688 1477 2737 memoratur
1515 2675 1849 2744 Valeriani

359 2774 516 2841 trib.
571 2788 864 2858 potestas
923 2773 1100 2849 Vn„
1159 2793 1352 2858 quae,
1415 2788 1489 2837 ut
1545 2776 1849 2854 vidimus,

363 2875 556 2940 fluxit
598 2897 747 2938 cum
792 2860 977 2937 anno⁶
1003 2875 1082 2941 V.
1128 2875 1200 2939 C.
1251 2891 1410 2936 1012
1454 2876 1530 2938 Ρ.
1573 2878 1654 2939 X.
1701 2879 1847 2960 259.

363 2979 533 3041 Eam
589 2976 783 3037 numi-
829 2975 1145 3036 hactenus
1204 2974 1451 3059 cogniti
1508 2998 1642 3041 non
1699 3000 1853 3063 pro·

338 3079 530 3149 ,dunt
590 3088 1048 3158 praeterquam
1110 3074 1461 3138 Goltziani.
1537 3078 1852 3160 Belleyus

356 3198 638 3259 ,numum
707 3175 1042 3257 Augustae
1113 3175 1381 3237 Ciliciae
1458 3195 1606 3236 cum
1683 3198 1853 3239 anno

278 3284 289 3295 ⁶
368 3276 584 3350 Aue,
643 3280 800 3347 24⁸,
864 3272 1150 3354 vulgavit
1179 3276 1262 3358 c).
1317 3272 1480 3356 Ejus
1521 3292 1688 3356 ¹pars
1744 3271 1857 3337 ad-

371 3395 562 3438 versa
626 3385 817 3456 caput
858 3370 1194 3437 Valeriani
1247 3389 1386 3435 sen.
1444 3372 1632 3438 sistit.
1692 3376 1860 3439 Coe·

375 3474 471 3558 pit
500 3472 611 3539 hic
638 3477 969 3558 Augustae
998 3490 1201 3533 annus
1236 3470 1305 3531 in
1335 3483 1643 3536 autumno
1676 3474 1753 3542 V.
1784 3477 1855 3540 C.

385 3576 582 3656 2013,
642 3595 723 3640 ex
766 3593 897 3659 quo
939 3569 1145 3635 infert
1183 3571 1538 3657 Belleyus,
1600 3587 1858 3639 certum

1935 565 2084 631 fieri
2120 588 2200 631 ex
2230 566 2362 633 hoc
2393 587 2632 643 numo«,
2677 566 2800 633 sub
2832 567 3008 630 huuc
3043 579 3424 629 autumnum

1937 669 2039 732 sui
2076 668 2290 732 adhuc
2319 669 2487 754 juris
2524 666 2727 733 fuisse
2759 669 3200 738 Valerianum.
3245 666 3430 727 Idem

1938 770 2321 854 comprobat
2352 792 2587 832 numus
2615 771 2945 855 Aegarum
2983 765 3249 852 Ciliciae
3277 784 3430 830 cum

1938 891 2107 933 anno
2156 874 2310 949 ZT,
2353 873 2517 953 307,
2581 885 2649 934 et
2690 869 3170 935 Alexandrinus
3213 871 3293 934 L.
3339 867 3425 928 H.

1941 971 2175 1033 citatus
2219 994 2255 1032 a
2297 972 2670 1047 Bandurio,
2743 974 2854 1057 qui
2912 990 3034 1053 pro
3081 968 3437 1052 Aegyptio·
3511 949 3532 967 ’

1941 1090 2089 1133 rum
2126 1072 2383 1160 calculo
2422 1071 2610 1132 feriri
2651 1092 2782 1132 nou
2817 1071 3030 1154 potuit
3069 1082 3219 1132 ante
3256 1068 3435 1132 diem

1884 1211 1891 1224 κ
1939 1171 2177 1232 XXIX.
2222 1173 2501 1255 Augusti
2543 1174 2624 1239 V.
2673 1173 2745 1234 C.
2799 1171 2956 1259 1023
2999 1172 3074 1232 P.
3120 1172 3197 1231 X.
3246 1168 3393 1232 260.

2068 1273 2320 1340 Verum
2380 1272 2546 1334 haec
2609 1285 2992 1356 argumenta
3038 1285 3174 1333 tum
3220 1272 3438 1334 solum

1946 1371 2296 1448 valebunt,
2361 1393 2512 1436 cum
2578 1373 2723 1458 quis
2782 1372 3092 1448 evicerit,
3163 1390 3248 1433 ex
3307 1389 3439 1454 quo

1947 1474 2337 1541 Valerianus
2370 1487 2596 1556 captus
2624 1473 2785 1549 fuir,
2830 1494 2960 1535 non
2993 1471 3271 1553 amplius
3301 1470 3444 1552 ejus

1949 1574 2215 1637 nomine
2261 1563 2589 1637 monetam
2635 1595 2756 1657 per
2812 1572 3183 1656 provincias
3224 1567 3443 1652 prime

1949 1674 2303 1758 praecipue
2340 1675 2633 1737 alterove
2669 1674 3057 1757 captivitatis
3089 1691 3257 1733 anno
3288 1671 3449 1732 fuis-

1953 1794 2024 1837 se
2060 1772 2413 1856 signatam,
2464 1775 2640 1858 quod
2672 1775 2954 1859 probare
2988 1772 3266 1835 difficile
3298 1771 3444 1834 erit.
3513 1829 3514 1832 ,

1951 1878 2114 1938 Nam
2157 1874 2282 1936 etsi
2326 1889 2592 1959 captus,
2636 1875 2994 1958 imperator
3037 1888 3257 1936 tamen
3302 1890 3448 1936 esse

1953 1994 2086 2035 non
2121 1971 2354 2049 desiit,
2398 1988 2906 2058 recuperaturus
2951 1985 3134 2037 certe
3180 1992 3329 2035 cum
3376 1972 3452 2033 li·

1955 2073 2211 2136 bertate
2272 2074 2660 2157 imperium,
2732 2074 2859 2135 nisi
2912 2075 3085 2137 malo
3142 2071 3278 2136 fato
3338 2086 3450 2134 aut

1955 2175 2422 2257 impotentem,
2481 2187 2600 2239 aut
2633 2173 2903 2257 impium
2952 2173 3285 2237 habuisset
3326 2171 3453 2233 fili·

1957 2297 2091 2336 um.
2135 2276 2282 2361 Ipse
2316 2273 2781 2338 Tillemontius
2822 2270 3118 2355 profiteri
3159 2294 3292 2335 non
3339 2275 3454 2358 du?
3525 2317 3530 2326 .

1959 2374 2164 2451 bitat,
2225 2395 2359 2437 non
2420 2375 2755 2439 adversari
2812 2372 3167 2450 historiae,
3225 2373 3281 2436 si
3323 2373 3452 2455 jam

1961 2475 2114 2538 inde
2176 2475 2258 2538 ab
2319 2496 2487 2538 auno
2529 2476 2607 2544 P.
2632 2474 2732 2540 rx.
2778 2472 2902 2537 256
2948 2486 3174 2557 captus
3216 2486 3453 2536 statua·

1962 2588 2071 2637 tur
2103 2571 2183 2652 d).
2235 2575 2457 2671 Quare
2488 2577 2702 2659 potuit
2736 2596 2885 2637 cum
2928 2576 2997 2636 in
3041 2575 3455 2639 subscriben-

1963 2676 2063 2739 dis
2093 2675 2385 2759 legibus,
2424 2690 2561 2738 tum
2594 2677 2658 2737 in
2686 2674 2989 2738 feriunda
3020 2689 3279 2737 moneta
3314 2675 3457 2758 ejus
3529 2715 3532 2722 ·

1966 2790 2268 2860 tanquam
2317 2776 2529 2839 adhuc
2582 2776 2963 2859 imperantis
3012 2774 3243 2836 haberi
3285 2774 3455 2838 ratio

1962 2897 2171 2962 usque
2209 2876 2491 2960 denique
2532 2874 2615 2938 ad
2656 2898 2891 2938 annum
2928 2875 3082 2951 2⁶0,
3128 2896 3257 2958 quo
3296 2888 3460 2950 tem·
3537 2921 3538 2928 κ

1962 2998 2127 3062 pore
2172 2991 2283 3041 aut
2341 2977 2483 3059 ejus
2526 2978 2750 3061 coepit
2793 2977 3164 3040 bblitterari
3207 2997 3456 3041 memo-

1967 3079 2097 3155 ria,
2143 3093 2255 3143 aut
2289 3078 2628 3162 desperari
2657 3077 2961 3156 libertas,
3006 3091 3115 3144 aut
3146 3075 3319 3140 diem
3357 3099 3461 3152 su·
3567 3096 3571 3103 ’

1970 3197 2272 3261 premum
2316 3198 2550 3245 revera
2596 3178 2783 3243 obiit.

2365 3380 2743 3440 stibunIct‘a
2773 3388 3080 3459 potestas.
3133 3438 3142 3445 .

2098 3576 2205 3642 De
2249 3573 2372 3642 hae
2414 3589 2649 3663 agetur
2688 3575 2758 3640 in
2803 3590 3084 3644 tractatu
3119 3576 3456 3663 singulari.
3535 3640 3548 3663 ⁵.

1642 3974 1776 4044 ‘PR
1799 3983 1856 4043 E
1882 3983 1941 4046 T
1948 3984 1991 4044 1
2007 3984 2161 4046 VM.

770 4183 1109 4245 commatis
1151 4144 1429 4247 Romam·
1445 4202 1470 4242 .·
2805 4124 2836 4167 ἱ

973 4279 1181 4345 Aurei
1297 4322 1318 4344 .
1404 4324 1421 4344 .
1509 4323 1527 4344 .
1616 4322 1636 4342 .
1731 4290 1759 4345 .’
1835 4326 1851 4343 .
1941 4327 1959 4345 .
2051 4326 2067 4343 .
2158 4326 2173 4343 .
2261 4302 2704 4350 .....
2788 4286 2992 4352 mm.

460 4515 519 4586 a)
557 4514 853 4597 NotaIXI.
889 4516 954 4579 iu
987 4515 1287 4577 Valerian.
1562 4514 1633 4587 b)
1674 4514 1811 4592 Peg.
1847 4519 1956 4581 460
2017 4527 2052 4580 ⁵
2363 4521 2426 4590 e)
2464 4521 2631 4579 Mem.
2672 4521 2735 4578 B.
2775 4520 2837 4577 L.
2875 4523 2940 4578 Τ.
2984 4524 3198 4584 xxvi.
3241 4546 3301 4603 p.
3340 4529 3465 4609 1906.

389 4602 458 4683 d)
496 4602 651 4663 Note
686 4602 782 4662 eit.

2799 4705 2979 4769 Ccc
3029 4727 3063 4785 s

3278 400 3418 465 387
3479 448 3504 460 .,
