4652 5937
1408 309 2011 439 AVRELIAN
2040 363 2190 441 VS.

189 563 410 617 anno
458 552 538 618 V.
586 553 655 615 C.
728 557 917 627 ⁸024,
974 548 1187 615 factus
1248 560 1349 611 est
1402 548 1734 631 Augustus

188 675 407 720 anno
450 655 913 739 praecedente
981 652 1180 725 1023,
1246 664 1534 734 cumque
1594 670 1737 713 suc-

154 777 469 823 -cessor
528 755 671 838 ejus
727 757 994 820 Tacitus
1056 752 1461 836 processerit
1504 750 1734 815 consul

187 848 407 923 >auno
452 854 538 921 V.
586 857 661 922 C.
711 874 908 938 tom),
970 853 1181 917 sactus
1242 853 1298 915 is
1361 867 1463 916 est
1517 856 1781 939 Augu-d

170 976 371 1025 stus
422 979 597 1023 anno
639 958 940 1041 proxime
985 954 1572 1037 superioreyoaB,
1641 955 1739 1020 ni-

174 1062 483 1126 .mirum
530 1077 614 1120 ex
658 1058 954 1120 instituto
999 1071 1264 1132 vetere,
1315 1077 1444 1140 quo
1490 1057 1580 1131 is,
1624 1055 1740 1139 qui

189 1161 597 1245 ‘imperium
658 1159 988 1249 suscepit,
1018 1156 1023 1162 ⁴
1055 1159 1373 1240 proximis
1417 1156 1737 1245 Kalendis

214 1266 503 1328 Ianuar.
539 1262 774 1323 consul·
803 1280 1065 1344 semper
1085 1258 1426 1343 processit.
1470 1263 1574 1322 Ex
1607 1277 1738 1342 quo

218 1363 570 1439 efficitur,
630 1363 990 1445 imperasse
1048 1382 1202 1427 eum
1266 1360 1450 1423 annis
1510 1359 1740 1451 solidis

221 1456 566 1550 quatuor,
653 1464 888 1547 quibus
973 1462 1270 1526 addenda
1366 1484 1517 1546 pars
1590 1462 1741 1523 anni

235 1564 453 1642 »οε-’.3,
498 1580 630 1649 quo
675 1565 886 1628 dictus
929 1578 1030 1626 est
1072 1566 1443 1648 Augustus,
1490 1577 1554 1625 et
1592 1585 1740 1647 pars

228 1669 398 1730 anni
470 1667 668 1741 1028,
732 1688 862 1751 quo
925 1666 1249 1739 decessit,
1308 1687 1392 1728 ex
1459 1663 1599 1749 quo⁴
1655 1677 1742 1725 ta-

232 1787 398 1831 men
462 1788 632 1830 anno
676 1768 1067 1852 ‚posteriore
1135 1765 1467 1831 eximendi
1529 1765 1741 1827 adhuc

232 1883 399 1934 suut
442 1890 561 1932 sex
601 1888 858 1931 menses
890 1870 1253 1951 interregni
1285 1869 1425 1950 ejus
1461 1880 1742 1928 mortem

240 1968 624 2046 consecuti,
673 1970 757 2033 de
802 1992 933 2054 quo
968 1971 1118 2039 vide
1151 1970 1449 2031 Tacitum
1490 1988 1746 2029 succes·

241 2093 509 2147 sorem,
588 2086 656 2136 et
715 2094 863 2155 pars
926 2071 1217 2152 reliqua,
1282 2089 1448 2151 quae
1513 2066 1789 2130 Tacito·

249 2179 418 2257 Aug.
470 2173 767 2235 debetur.
826 2169 1198 2239 Videndum
1248 2171 1416 2249 jam,
1464 2168 1620 2252 quid
1665 2168 1743 2229 ad

250 2279 383 2339 hoc
420 2294 694 2336 examen
728 2272 1069 2336 conferant
1104 2273 1305 2335 numi.

379 2379 556 2449 Eos,
605 2375 713 2457 qui
751 2387 896 2434 sunt
924 2373 1267 2436 commatis
1298 2372 1606 2445 Romani,
1655 2372 1748 2433 ni-

255 2477 353 2539 hil
409 2476 717 2541 conferre
780 2475 959 2558 opis,
1027 2474 1182 2557 quin
1246 2473 1744 2554 chronologiam

258 2578 525 2641 turbare
575 2578 825 2660 potius,
869 2576 998 2657 jam
1032 2597 1230 2658 supra
1281 2575 1362 2636 ad
1411 2595 1645 2635 numos
1678 2577 1748 2635 P.

257 2684 347 2742 11.
380 2681 517 2742 ΤΒ.
556 2681 630 2742 P.
664 2691 788 2741 etc.
834 2676 1217 2740 memoravi.
1307 2674 1537 2737 Simile
1586 2674 1751 2755 judi-

262 2782 436 2844 cium
511 2781 593 2844 de
673 2778 1143 2853 marmoribus,
1223 2796 1389 2861 quae
1463 2775 1755 2839 offerunt

191 2925 205 2935 -
265 2880 583 2944 Gruterus
611 2895 677 2944 et.
703 2879 1135 2953 Muratorius,
1182 2877 1247 2939 in
1297 2878 1535 2962 quibus
1567 2899 1755 2962 prae·

265 3000 366 3048 ter
425 2985 645 3067 lapsus
709 3002 976 3059 eorum,
1053 2980 1163 3063 qui
1235 3000 1311 3043 ea
1372 2981 1754 3064 vulgavere,

269 3098 515 3147 metuas
575 3084 770 3144 etiam
817 3080 1056 3155 fidem,
1130 3080 1307 3163 quod
1356 3083 1754 3145 Panviniana

272 3184 580 3268 pleraque
605 3196 774 3258 sunt,
819 3194 929 3243 aut
947 3180 1427 3263 Hispaniensia.
1472 3183 1750 3250 Vnicum

276 3285 630 3348 subsidium
688 3303 727 3343 a
785 3281 999 3342 numis
1060 3278 1539 3342 Alexandrinis.
1627 3286 1757 3343 Ex-

269 3400 440 3450 stant
479 3385 545 3447 id
590 3403 797 3467 genus
841 3381 1179 3444 Aureliani
1236 3380 1415 3442 numi
1474 3404 1508 3444 a
1554 3384 1629 3443 L.
1675 3387 1751 3445 A.

280 3508 473 3573 usque
518 3490 599 3549 L.
645 3509 706 3558 ς-,
769 3503 887 3546 seu
950 3485 1029 3545 ab
1092 3503 1259 3546 anno
1299 3485 1631 3574 .1.·usque
1675 3484 1756 3546 a'd

259 3591 379 3657 «Vl.
426 3590 690 3652 Certum
721 3597 856 3660 est,
900 3607 1132 3647 numos
1168 3585 1519 3668 inscriptos
1553 3587 1628 3645 L.
1672 3586 1757 3647 Α.

254 3690 474 3754 -fuisse
503 3690 790 3771 signatos
822 3700 971 3749 ante
1001 3686 1243 3748 exitum
1274 3690 1555 3768 zAugusti
1588 3689 1664 3753 V.
1686 3689 1756 3751 C.

210 3815 217 3818 ·
293 3793 459 3856 2023.
546 3793 706 3851 Nam
744 3800 926 3867 esto,
974 3807 1090 3850 eos
1133 3802 1282 3869 post
1325 3789 1451 3851 hoc
1500 3803 1757 3872 tempus

258 3911 418 3957 -esse
450 3909 834 3976 percussos,
881 3909 963 3952 ex
998 3889 1759 3972 cognitoAlexandrino-

264 4018 418 4058 „rum
463 3992 720 4056 calculo
765 4010 969 4081 annus
1014 4014 1077 4064 ς,
1124 4008 1242 4052 seu
1275 3993 1387 4056 V1.
1434 3993 1759 4076 inciperet

270 4111 555 4162 rexeunte
603 4096 900 4178 Augusto
943 4094 1022 4159 V.
1069 4092 1145 4156 C.
1198 4094 1393 4165 1028,
1434 4108 1525 4176 „et
1586 4091 1764 4176 quod

289 4198 604 4282 sequitur,
672 4197 799 4260 hoc
861 4194 1076 4259 adhuc
1130 4206 1432 4279 tempore
1495 4195 1766 4260 vixisset

290 4300 688 4362 Aurelianus.
773 4300 1021 4366 Verum
1069 4297 1124 4358 si
1167 4298 1374 4374 istud,
1420 4320 1545 4382 qua
1572 4299 1770 4360 ratio-

275 4420 368 4463 ·ne
404 4400 552 4490 huic
599 4399 808 4462 adhuc
851 4421 1020 4462 anno
1072 4401 1453 4463 inseremus·
1489 4401 1767 4462 interre-

250 4561 255 4564 .
295 4524 476 4588 guum
518 4501 629 4565 VI.
684 4501 1042 4578 mensium,
1106 4502 1282 4587 quod
1343 4505 1517 4566 inter
1558 4503 1766 4565 Aure·

298 4605 433 4670 liani
477 4619 791 4677 mortem,
851 4618 915 4665 et
964 4606 1174 4669 Taciti
1231 4606 1623 4671 electionem
1670 4605 1765 4667 in-

3169 381 3335 461 ,485

1816 549 2233 613 -tercessisse
2275 546 2576 615 referunt
2605 550 2932 634 Vopiscus
2965 562 3030 613 et
3062 562 3339 637 uterque

1849 650 2131 717 Victor?
2175 655 2358 735 Ergo
2395 652 2451 744 si
2490 674 2710 714 verum
2760 667 2858 715 est
2885 652 3118 713 horum
3163 654 3344 716 testi-

1824 751 2183 828 .monium,
2226 773 2501 817 necesse
2563 768 2663 816 est
2718 758 2946 829 etiam,
3004 777 3239 816 annum
3287 758 3340 817 A

1825 852 2190 936 ,pertinere
2238 853 2319 917 ad
2368 869 2625 936 tempus
2674 854 2848 916 diem
2885 856 3121 917 XXIX.
3168 852 3390 939 'men-‚

1820 953 1941 1015 -sis
1974 954 2254 1038 Augusti
2297 955 2450 1018 anni
2487 958 2564 1023 V.
2598 957 2669 1019 C.
2728 957 2884 1021 1023
2921 957 3346 1039 praecedens,

1824 1054 2153 1137 “coepisse
2200 1069 2335 1118 tum
2373 1079 2609 1119 aunum
2655 1055 2749 1131 B,
2813 1077 2889 1119 ac
2934 1059 3196 1120 demum
3243 1081 3353 1121 an·

1823 1177 2010 1224 -num
2048 1181 2092 1230 5-
2130 1157 2388 1218 initium
2429 1155 2673 1219 ducere
2707 1158 2791 1219 ab
2838 1158 3216 1237 eodempdie
3245 1182 3355 1223 au·

1854 1257 1924 1317 ni
1961 1274 2153 1337 1027,
2198 1278 2331 1340 quo
2377 1258 2677 1333 labente,
2725 1260 2842 1322 sed
2890 1281 3057 1324 anno
3095 1261 3345 1341 Iuliano

1864 1360 2027 1421 1028
2060 1373 2432 1421 caesus’est
2466 1361 2878 1437 Aurelianus.
2969 1364 3191 1457 Quare
3226 1382 3353 1428 nu·

1854 1462 1946 1521 mi
1994 1460 2420 1522 Alexandrini
2465 1483 2614 1539 cum
2659 1462 3127 1526 historicorum
3173 1464 3354 1524 testi-

1858 1563 2092 1623 moniis
2130 1577 2312 1624 recte
2343 1564 2738 1645 conspirant.
2823 1566 3083 1647 Etenim
3124 1586 3352 1629 caesus

1856 1675 1957 1724 est
2001 1662 2395 1724 Aurelianus
2440 1665 2711 1726 circiter
2755 1665 2975 1728 medio
3013 1652 3251 1727 Martio
3271 1667 3352 1731 V.

1861 1765 1932 1826 C.
1988 1765 2179 1839 1028,
2264 1785 2397 1847 quo
2455 1779 2758 1849 tempore
2820 1765 3010 1829 fluxit
3075 1765 3356 1849 Alexan-

1862 1864 2198 1926 drinorum
2248 1888 2452 1928 annus
2484 1869 2637 1943 V1.‚
2705 1868 2857 1929 inde
2900 1869 3352 1950 interregnum

1842 1966 1974 2031 -V1.
2020 1968 2377 2041 mensium,
2445 1988 2575 2049 quo
2640 1982 2870 2030 exacto
2936 1971 3187 2030 electus
3235 1973 3357 2031 Ta·

1862 2067 2027 2128 citus
2073 2067 2179 2127 die
2209 2068 2412 2136 XXV.
2464 2067 2907 2151 Septembris,
2955 2084 3024 2131 ut
3077 2068 3354 2144 dicetur,

1862 2188 1936 2230 ac
1983 2180 2118 2227 tum
2160 2164 2362 2250 hujus
2407 2172 2587 2233 numi
2630 2170 3067 2233 Alexandriae
3113 2171 3358 2254 signari

1864 2289 2148 2352 coepere
2183 2291 2330 2331 cum
2370 2292 2537 2334 anno
2575 2274 2650 2333 A.
2713 2274 2814 2331 Ex
2856 2292 2984 2354 quo
3021 2287 3247 2354 aperte
3284 2272 3358 2332 li-

1863 2386 2054 2454 quet,
2100 2371 2270 2452 quod
2312 2372 2443 2455 jam
2496 2373 2562 2433 in
2617 2373 2889 2435 Claudio
2935 2372 3219 2435 Gothico
3266 2372 3361 2432 in·

1867 2472 2010 2544 nui,
2058 2493 2290 2533 numos
2353 2473 2834 2536 Alexandrinos
2896 2475 3153 2538 Claudii
3209 2495 3356 2537 cum

1864 2592 2032 2634 anno
2065 2569 2117 2630 Δ
2156 2573 2374 2634 locum
2411 2574 2654 2638 habere
2691 2597 2822 2638 non
2860 2595 3092 2659 posse,
3139 2596 3215 2639 ac
3247 2576 3359 2638 de-

1864 2676 2062 2758 nique
2122 2695 2325 2736 annos
2385 2678 2498 2741 Vl.
2578 2678 2876 2761 imperii,
2961 2697 3126 2760 quos
3195 2678 3360 2761 varii

1871 2777 2230 2858 scriptores
2287 2779 2644 2841 Aureliano
2702 2779 3044 2853 tribuunt,
3106 2777 3360 2841 admitti

1870 2899 2001 2940 non
2034 2898 2264 2962 posse,
2310 2880 2472 2952 nisi,
2519 2879 2696 2964 quod
2730 2880 3132 2961 ignoramus,
3173 2882 3361 2943 Clau·

1870 2981 2015 3044 dius
2058 3002 2206 3042 mox
2241 2982 2509 3044 ineunte
2554 3001 2722 3045 anno
2759 2983 2841 3049 V.
2881 2983 2952 3044 C.
2997 2983 3152 3044 toa-3
3192 2996 3366 3068 muor-

1841 3095 2018 3143 -tuus
2065 3095 2419 3157 statuatur,
2478 3097 2546 3145 et
2589 3085 2801 3168 ipsum
2847 3083 3040 3147 etiam
3087 3085 3369 3147 interre-

1840 3204 2072 3264 -gnum
2135 3202 2252 3243 sex
2297 3185 2653 3261 mensium,
2718 3184 2896 3269 quod
2954 3186 3161 3248 visum
3206 3206 3366 3248 non·-

1873 3282 2071 3344 nullis
2109 3282 2421 3354 eruditis,
2466 3284 2678 3347 adhuc
2707 3307 2741 3346 a
2773 3286 3204 3368 scriptoribus
3241 3285 3362 3349 sub

1873 3380 2209 3445 Aureliani
2268 3384 2550 3466 imperio
2628 3384 3177 3468 comprehensum
3241 3399 3361 3458 est,

1860 3505 2236 3568 quanquam
2268 3484 2372 3546 vel
2414 3498 2549 3545 tum
2578 3486 2961 3548 sexennium
2996 3487 3172 3549 istud
3205 3507 3364 3548 non·

1844 3585 2001 3646 -nisi
2043 3584 2516 3668 incompletum
2561 3587 3062 3671 intelligendum
3110 3589 3257 3650 erit.

1997 3691 2081 3751 At
2116 3686 2288 3748 enim
2322 3685 2724 3770 descriptum
2768 3688 2878 3752 hic
2927 3689 3222 3752 ordinem
3260 3711 3369 3750 ur·

1876 3802 1989 3873 get
2034 3786 2391 3874 difficultas
2435 3808 2567 3851 non
2614 3790 2819 3868 levis,
2880 3811 3120 3875 nempe
3167 3793 3367 3856 Seve-

1875 3890 2096 3965 rinae,
2162 3910 2330 3973 quae
2376 3904 2559 3953 certa
2610 3890 2734 3953 fuit
2778 3893 3117 3968 Aureliani
3174 3914 3363 3967 uxor,

1873 3994 2054 4054 numi
2103 3993 2568 4081 Alexandrini,
2613 3992 2792 4076 iique
2839 3993 3015 4056 obvii
3063 4014 3213 4056 cum
3261 4016 3368 4066 anq

1880 4115 1965 4154 no
1994 4097 2043 4155 Z
2076 4115 2191 4156 seu
2225 4096 2368 4159 Vn.
2393 4138 2412 4170 s
2458 4114 2540 4156 ox
2575 4114 2706 4179 quo
2746 4114 3167 4179 sequeretur,
3214 4119 3370 4182 quo-

1878 4196 2052 4257 niam
2099 4216 2302 4278 annus
2346 4199 2398 4258 Z
2445 4196 2599 4258 duci
2639 4217 2768 4258 non
2815 4198 3064 4280 potuit,
3119 4200 3246 4260 nisi
3289 4185 3368 4261 ab
3473 4279 3474 4282 Ἴ

1884 4311 2167 4361 exeunte
2213 4300 2511 4380 Augusto
2557 4296 2709 4362 anni
2749 4300 2830 4366 V.
2880 4299 2949 4361 C.
3001 4301 3197 4376 1028,
3260 4322 3373 4364 ne·

1880 4420 2011 4484 que
2041 4401 2503 4485 Augustarum
2547 4400 2726 4462 numi
2769 4400 2897 4462 nisi
2938 4402 3090 4466 vivo
3137 4391 3371 4467 marito

1879 4501 2070 4564 feriri
2131 4521 2577 4575 consuevere,
2648 4503 3074 4566 Aurelianum
3140 4507 3369 4569 saltem

1879 4626 2090 4690 usque
2128 4604 2209 4668 ad
2241 4604 2487 4668 dictum
2517 4604 2796 4689 Augusti
2829 4604 3003 4670 diem
3039 4606 3244 4673 fuisse
3272 4629 3371 4671 su·
