4652 5937
1206 508 1216 516 .
1334 422 1425 489 η
2032 397 2128 471 Μ.
2236 394 2846 483 AVRELIVS
2946 362 3704 506 aN‘roNtNVS.

1333 599 1663 669 steaquam
1706 604 1821 655 eoa
1879 581 2181 649 secundis
2244 581 2420 645 curia
2467 594 2662 664 atquc
2731 591 2825 643 at·
2938 602 3008 647 ae
3064 581 3443 660 decretum,
3507 599 3576 649 et
3641 584 3950 648 continuo
4005 586 4161 653 Veri
4204 590 4368 656 numia

1330 688 1572 749 tentius
1622 688 2073 770 inspexeram,
2141 684 2337 747 facile
2384 680 2557 757 vidi,
2622 681 2823 744 linea·
2934 683 3293 759 insertum,
3354 686 3629 749 Aurelio
3688 689 3969 770 primum
4006 688 4172 752 hunc
4211 688 4368 752 hono·

1331 802 1549 855 menta
1614 789 1748 852 oris
1813 801 2037 870 aperte
2092 787 2158 846 in
2210 785 2464 851 senium
2514 802 2818 866 vergere,
2935 804 3078 846 rem
3129 786 3314 847 velut
3365 786 3493 848 sibi
3545 787 3905 851 indebitum
3940 802 4291 865 recusante,
4326 804 4374 851 at

1331 890 1608 950 multum
1671 887 2042 957 abludentia
2111 886 2190 949 ab
2255 886 2373 959 iis,
2434 884 2671 968 quibus
2729 883 2826 946 la·-
2934 895 3164 969 postea
3215 900 3627 970 acceptante,
3701 889 3877 973 quod
3926 903 3994 952 et
4050 892 4253 953 testari
4287 893 4377 953 Ca·

1328 989 1527 1053 bente
1557 990 1685 1053 hoc
1721 990 2058 1053 consulatu
2093 988 2402 1051 Aurelius
2441 987 2508 1048 in
2565 998 2824 1053 moneta
2941 984 3292 1070 pitolinum
3342 988 3643 1051 vidimuS.
3722 990 4003 1055 Biennio
4037 1005 4180 1073 post
4209 993 4265 1052 in
4302 1012 4379 1054 so·

1332 1093 1742 1175 proponitur.
1821 1091 2042 1185 Quare
2089 1090 2159 1152 hi
2196 1108 2457 1174 quoque
2514 1087 2694 1153 numi
2740 1086 2825 1150 ad
2941 1088 3245 1152 cietatem
3283 1089 3566 1152 adscitus
3603 1105 3704 1154 est
3737 1092 3965 1153 titulus
3993 1097 4259 1155 Parthici
4275 1098 4380 1156 Ma·

1327 1190 1396 1257 id
1439 1208 1696 1275 tempus
1747 1192 2110 1275 pertinent,
2177 1212 2306 1274 quo
2337 1189 2538 1273 patris
2572 1188 2821 1273 patriae
2936 1193 3108 1257 :vimi
3128 1235 3144 1266 ,
3192 1190 3274 1253 de
3310 1184 3439 1275 quo
3476 1205 3709 1275 agetur
3750 1193 4085 1257 continuo.

1326 1295 1518 1358 titulo
1559 1294 1818 1356 demum
1860 1293 2077 1375 coepit
2113 1290 2418 1373 gloriari,
2464 1304 2659 1374 atque
2712 1309 2822 1354 ve·
3063 1296 3557 1359 PARTHJCVS
3618 1296 4060 1357 MAXIMVS.
4160 1296 4379 1378 Compa.

1323 1397 1725 1471 risimiliter‚
1771 1410 1842 1457 ut
1874 1415 1954 1459 ex
1988 1391 2444 1468 lineamentis,
2490 1402 2657 1475 quae
2705 1411 2820 1451 nu·
2936 1404 3043 1455 ret
3102 1393 3386 1476 primum
3454 1392 3522 1453 in
3572 1395 3826 1456 Aurelii
3874 1395 4203 1459 tribunatu
4241 1400 4380 1470 XX„

1320 1499 1408 1558 rni
1458 1496 1784 1571 offerunt,
1848 1495 2173 1577 conjicio,
2216 1492 2300 1555 ad
2350 1513 2587 1561 annum
2625 1494 2710 1558 V.
2745 1491 2818 1555 C.
2937 1492 3057 1554 aed
3098 1493 3228 1575 jam
3267 1494 3539 1575 adulto;
3581 1515 3728 1556 nam
3774 1496 3987 1557 multo
4029 1497 4241 1579 plures
4269 1513 4383 1563 sunt

1320 1597 1478 1681 932,
1525 1612 1635 1661 aut
1666 1596 2192 1681 praecedentem.
2928 1594 3122 1677 hujus
3169 1595 3536 1657 tribunatus
3593 1595 3812 1672 numi,
3892 1596 4007 1681 qui
4064 1598 4187 1663 hoc
4226 1597 4378 1660 titulo

1428 1764 1437 1769 ,
2551 1776 2556 1783 ’
2928 1696 3274 1759 abstineut.
3343 1698 3576 1781 Coepit
3614 1696 3775 1760 haec
3807 1700 3949 1764 XX.
3988 1714 4267 1784 potestas
4283 1702 4380 1763 Ka·

1324 1819 1903 1885 ARMENJACVS
1990 1815 2488 1893 PARTHJCVS
2582 1815 2801 1876 ΜΑΧ,
2919 1797 3132 1860 lendis
3179 1799 3312 1861 Ian.
3355 1798 3432 1863 V.
3471 1800 3542 1860 C.
3600 1816 3742 1879 9ι9.
3802 1801 3875 1860 P.
3920 1802 4007 1864 X.
4054 1800 4192 1867 iob.
4272 1800 4374 1862 Sed

1860 1921 2265 1981 MEDICV&
2919 1900 3092 1960 hunc
3126 1918 3386 1983 quoquc
3418 1898 3677 1961 titulum
3721 1901 3796 1959 L.
3819 1901 4076 1965 Verum
4129 1901 4376 1984 priorem

2144 2060 2161 2063 ,
2925 2019 3320 2083 occupasse,
3364 2002 3545 2073 numi
3587 2001 4029 2084 persuadent3
4080 2001 4204 2083 jam
4239 1999 4377 2067 enim

1435 2108 1541 2168 De
1575 2104 1783 2167 tribus
1812 2104 1916 2166 his
1960 2102 2216 2165 collatis
2251 2102 2576 2163 honorum
2596 2099 2802 2162 titulis
2925 2099 3176 2185 legitur
3225 2101 3291 2161 in
3331 2101 3472 2184 ejus
3525 2103 3854 2166 tribunatu
3895 2103 4014 2180 V.,
4061 2106 4171 2189 qui
4214 2100 4378 2163 exivit

1318 2208 1586 2272 definite
1639 2205 2041 2290 Capitolinus
2076 2207 2171 2287 ·)=
2238 2208 2475 2267 Gestae
2530 2213 2679 2264 eunt
2708 2222 2810 2263 res
2927 2222 3076 2265 cum
3115 2223 3285 2264 anno
3331 2203 3581 2265 Iuliano
3623 2204 3704 2268 V.
3741 2205 3810 2265 C.
3849 2204 3994 2283 qiss.
4046 2207 4118 2266 P.
4150 2207 4224 2266 X.
4269 2202 4374 2264 165.

1314 2319 1385 2374 in
1413 2312 1720 2373 Armenia
1745 2327 2045 2387 prospere
2070 2326 2186 2385 per
2216 2308 2502 2366 Statium
2523 2306 2808 2364 Priscum
2927 2300 3285 2364 Confirmat
3336 2303 3402 2364 id
3465 2325 3726 2389 quoque
3788 2305 4229 2389 Capitolinus,
4289 2302 4375 2387 qui

1310 2414 1657 2476 Artaxatis
1696 2412 1937 2487 captia,
1986 2410 2389 2487 delatumque
2431 2408 2809 2468 ARMENI-
2922 2417 3143 2466 narrat
3175 2405 3234 2483 e)
3266 2448 3283 2480 ,
3328 2404 3579 2470 Verum
3613 2407 3916 2484 nomina,
3960 2427 4130 2492 quae
4165 2404 4377 2469 sibide-

1310 2517 1559 2577 ACVM
1617 2531 1843 2573 nomen
1894 2512 2148 2590 utrique
2190 2510 2592 2588 principum,
2638 2511 2812 2589 quod
2922 2507 3050 2567 lata
3087 2505 3386 2580 fuerant,
3453 2526 3601 2568 cum
3650 2506 3854 2571 fratre
3896 2508 4374 2573 communicasse

1309 2621 1568 2679 Marcus
1598 2634 1717 2693 per
1747 2614 2191 2673 verecundiam
2214 2614 2424 2687 primo
2464 2612 2804 2683 recusavit,
2921 2607 3027 2669 die
3051 2607 3363 2691 triumphi
3385 2651 3402 2682 ,
3449 2626 3641 2690 quem
3684 2609 3933 2693 pariter
3965 2610 4373 2673 celebrarunt.

1298 2729 1526 2800 postea
1557 2728 1770 2778 tamen
1804 2716 2059 2790 recepit.
2106 2710 2376 2771 Plenius
2397 2708 2570 2770 idem
2592 2707 2658 2769 in
2678 2710 2808 2774 ve·
2921 2710 3106 2772 Haec
3154 2710 3416 2771 nomina
3469 2708 3736 2770 suerunt
3782 2713 4111 2788 Parthici,
4174 2725 4237 2773 et
4276 2714 4380 2771 Me·

1303 2839 1381 2882 ro
1411 2816 1512 2898 Ὃς
1563 2819 1926 2878 Parthicum
1958 2814 2188 2872 bellum
2220 2815 2478 2874 Statius
2527 2813 2800 2884 Priscus,
2921 2815 3055 2872 dici
3075 2854 3092 2886 ,
3154 2812 3332 2892 (nam
3381 2814 3758 2872 Armeniaci
3801 2826 4080 2895 uterque
4124 2814 4245 2895 jam
4277 2809 4379 2894 pri·

1303 2932 1367 2983 et
1402 2923 1679 2983 Avidius
1723 2917 2010 2988 Cas-sim,
2058 2923 2123 2975 et
2149 2916 2425 2976 Martius
2455 2916 2653 2976 Verus
2688 2934 2807 2995 per
2923 2912 3072 2976 dem
3109 2933 3263 2974 usus
3301 2913 3452 2992 est).
3518 2913 3721 2975 Actus
3753 2926 3849 2975 est
3896 2913 4003 2984 hic
4045 2910 4375 2996 triumphus

1302 3024 1793 3106 quadriennium
1831 3016 2264 3094 confecerunt,
2311 3018 2408 3075 ita
2438 3026 2512 3076 ut
2528 3017 2804 3094 Babylo·
2917 3036 3085 3077 anno
3131 3015 3213 3079 V.
3261 3015 3333 3077 C.
3384 3033 3541 3097 919,
3587 3003 3734 3097 ,quo
3783 3036 3951 3077 anno
4006 3035 4236 3078 revera
4278 3014 4380 3075 Au·

1299 3144 1479 3196 nem,
1539 3132 1604 3183 et
1641 3122 1922 3181 Mediam
1977 3118 2412 3194 pervenirent,
2472 3127 2538 3177 et
2580 3120 2804 3179 Arme-
2915 3116 3157 3190 relius,
3203 3135 3418 3198 neque
3459 3128 3647 3177 antea
3697 3118 4018 3177 PARTH.
4057 3116 4260 3178 Max.
4292 3132 4378 3194 ap·

1302 3227 1481 3306 niam
1519 3226 1949 3292 vindicarent,
1986 3229 2369 3298 partumque
2403 3228 2502 3280 eat
2534 3220 2662 3296 ipsi
2692 3239 2803 3280 no·
2915 3216 3154 3298 pellari
3203 3216 3451 3299 incipit.
3527 3217 3614 3277 At
3659 3234 3819 3279 vero
3871 3219 3946 3277 1..
3981 3218 4229 3281 Verum
4273 3214 4377 3298 jam

1301 3345 1445 3387 men
1478 3322 2451 3393 ARMENJAC1,PARTHICJ‚
2480 3320 2807 3391 MEDICI,
2913 3338 3082 3379 anno
3127 3317 3212 3384 V.
3259 3318 3329 3380 C.
3387 3317 3534 3401 9ι8.
3592 3317 3837 3379 dictum
3891 3316 4097 3381 fuisse
4160 3312 4378 3377 Parthi·

1301 3430 1476 3509 quod
1503 3428 1699 3487 etiam
1732 3427 1951 3484 Marco
1982 3426 2222 3483 Romae
2261 3423 2484 3499 ayenti
2512 3422 2794 3482 delatum
2920 3439 3068 3480 cum
3121 3423 3292 3504 lllax.
3323 3463 3339 3494 ‚
3417 3418 3483 3479 in
3543 3417 3684 3501 ejus
3709 3419 3955 3482 &numia
4007 3416 4377 3503 probabitur.

1300 3536 1414 3588 est.
1464 3524 1711 3586 Omnes
1757 3524 1826 3584 hi
1854 3523 2031 3583 tituli
2079 3519 2588 3602 comprobantur
2633 3540 2791 3602 quo·
2916 3522 3063 3581 Hoc
3099 3523 3388 3581 Parthici
3417 3524 3603 3582 Maoe.
3637 3519 3829 3581 titulo
3868 3521 4216 3601 conjuncto
4255 3537 4374 3579 cum

1302 3647 1430 3713 que
1457 3626 1707 3701 numia,
1756 3638 1822 3686 et
1849 3623 2111 3707 quidem
2140 3621 2266 3681 hoc
2299 3619 2572 3683 ordine:
2905 3621 3114 3686 altero
3134 3624 3674 3682 Armeniaciusus
3707 3634 3804 3683 est
3824 3623 4156 3708 Aurelius,
4189 3613 4371 3706 quoad

1426 3725 2029 3792 ARMENJACVS.
2068 3722 2261 3785 Hunc
2279 3721 2543 3783 titulum
2577 3739 2794 3785 susce·
2905 3723 3115 3787 frater
3157 3724 3351 3799 vixit,
3399 3724 3510 3807 qui
3540 3738 3837 3787 mortuus
3874 3739 3974 3787 est
4007 3725 4074 3787 in
4116 3723 4249 3802 eius
4281 3717 4375 3781 tri·

1299 3831 1397 3916 pit
1459 3831 1744 3914 primum
1812 3827 1882 3888 in
1932 3823 2265 3886 tribunatu
2338 3823 2606 3899 xvm„
2681 3820 2792 3906 qui
2912 3825 3158 3887 bunatu
3213 3813 3487 3901 xxm„
3553 3847 3704 3887 ‘nam
3752 3827 3932 3887 numi
3986 3825 4236 3889 Aurelii
4274 3822 4377 3882 hoc

1192 3919 1221 3937 ’ζ
1303 3932 1525 4017 coepit
1564 3933 1633 3994 in
1696 3925 1843 3993 meir
1904 3926 2221 3989 sententia
2277 3920 2597 3989 Kalendis
2661 3927 2792 3988 lan.
2911 3926 3178 3989 labente
3214 3925 3699 4010 signatipartim
3733 3926 3854 3990 hos
3881 3928 4109 3991 titulos
4144 3925 4374 3993 addunt,

1228 4048 1239 4051 ’
1299 4037 1386 4100 V.
1422 4038 1493 4098 C.
1527 4055 1674 4120 9¹7·
1712 4034 1788 4095 P.
1830 4033 1914 4094 X.
1956 4027 2091 4101 164.
2167 4028 2256 4090 At
2299 4030 2630 4114 aliquanto
2665 4048 2798 4089 ma·
2848 4084 2855 4089 .
2915 4029 3150 4112 partim
3190 4027 3529 4116 omittunt,
3580 4048 3727 4091 cum
3766 4049 3896 4111 quo
3944 4031 4213 4116 egregie
4242 4027 4371 4088 item

1304 4138 1514 4199 turius
1551 4158 1632 4200 eo
1668 4134 1765 4198 uti
1796 4131 2030 4216 ⁸coepit
2066 4133 2281 4195 Verus
2311 4174 2329 4204 ‚
2374 4131 2681 4191 nimirum
2734 4128 2803 4188 in
2918 4130 3246 4213 conspirat
3307 4129 3620 4209 historia3
3680 4151 3829 4192 nam
3889 4130 4099 4194 refert
4146 4127 4374 4213 Capito·

1308 4237 1643 4300 tribunatu
1687 4238 1840 4308 111.‚
1888 4233 1999 4317 qui
2045 4233 2263 4316 coepit
2309 4231 2631 4293 Kalendis
2667 4232 2799 4292 Ian.
2915 4232 3087 4294 linus
3138 4229 3242 4311 d),
3307 4232 3647 4294 Aurelium
3694 4229 3884 4292 fratri
3931 4247 4192 4296 mortno
4252 4230 4376 4292 titn·

1311 4337 1457 4420 qut».
1499 4341 1576 4401 P.
1621 4340 1702 4399 X.
1759 4333 1908 4409 163,
1972 4347 2039 4394 et
2081 4334 2443 4396 verisimile
2503 4347 2658 4406 est,
2695 4350 2804 4393 ex·
2916 4332 3052 4393 lum
3091 4336 3377 4394 Parthici
3422 4332 3604 4395 velut
3632 4331 3971 4418 proprium
4004 4333 4372 4417 permisisse,

1312 4453 1510 4502 eunte
1550 4439 1678 4501 hoc
1731 4457 1898 4499 anno
1948 4436 2208 4520 utrique
2256 4458 2294 4498 a
2357 4448 2584 4498 senatu
2649 4434 2807 4508 fuis·
2920 4452 2989 4493 se
3043 4448 3258 4495 antem
3302 4437 3748 4497 Germanicum
3803 4437 4184 4518 appellasse.
4267 4428 4373 4493 sed

1425 4655 1485 4726 a)
1527 4652 1588 4708 in
1627 4648 1883 4708 Aurelio.
2032 4648 2100 4720 b)
2140 4649 2286 4728 Cap.
2331 4664 2385 4714 7.
2538 4651 2600 4723 c)
2641 4648 2702 4705 in
2738 4648 2914 4707 Vero.
3067 4646 3135 4719 d)
3172 4647 3236 4704 in
3276 4645 3521 4704 Aurelio
3561 4666 3609 4704 c.
3653 4659 3736 4708 12.
