4652 5937
1198 475 1341 542 258

2192 401 2822 520 coRNEmA
2895 402 3315 515 rAvLA.

2058 711 2375 777 IVLIA
2446 701 2994 775 CORNELIA
3061 703 3440 772 PAVLA.

1319 926 1485 987 Eam
1529 914 1939 984 nobilissimo
1986 926 2129 978 satu
2172 914 2422 978 editam
2472 910 2689 976 refert

1185 1022 1609 1088 Herodianus
1661 1024 1746 1099 ⁸),
1793 1031 1985 1102 atque
2029 1015 2098 1079 id
2138 1016 2324 1098 jure,
2372 1016 2428 1076 si
2454 1032 2546 1076 ex
2573 1032 2687 1080 ve·

1191 1143 1338 1194 tere
1412 1136 1607 1209 gente
1682 1119 1990 1184 Cornelia
2068 1115 2394 1199 originem
2464 1111 2683 1177 traxit.

1188 1229 1393 1291 Certe
1444 1221 1817 1286 Corneliam
1859 1240 2002 1283 eam
2046 1216 2379 1300 appellant
2419 1213 2556 1276 ‘Dio
2597 1210 2682 1292 ιζ>),

1190 1343 1261 1391 et
1308 1323 1490 1387 numi
1536 1321 1811 1385 externi.
1894 1320 2107 1381 'Iuliae
2165 1336 2443 1392 nomen,
2504 1315 2684 1399 quod

1186 1429 1254 1490 ei
1308 1426 1490 1488 numi
1541 1426 1779 1507 passim
1826 1421 2164 1495 tribuunt,
2224 1418 2393 1480 nihil
2446 1417 2527 1479 ad
2561 1435 2679 1499 gc·

1188 1528 1370 1591 neris
1457 1524 1916 1588 claritudinem
2004 1518 2300 1596 confert,
2369 1516 2682 1602 quoniam

1185 1632 1522 1713 Augustae
1561 1627 1682 1688 hac
1721 1638 1932 1686 aetate
1977 1644 2012 1685 a
2038 1620 2297 1682 Domna
2340 1636 2549 1701 usque
2599 1617 2686 1681 ad

1185 1732 1588 1801 Mamaeam,
1635 1722 1703 1785 id
1748 1744 1989 1787 nomen
2039 1718 2489 1795 adfectabant,
2531 1736 2689 1803 per-

1187 1829 1345 1893 inde
1381 1849 1455 1892 ac
1492 1826 1773 1912 Augusti
1804 1822 2311 1908 appellationem
2345 1818 2682 1897 Antonini,

1186 1947 1261 1995 ut
1295 1932 1425 2013 jam
1465 1927 1838 1991 observavit
1874 1923 2304 2008 spanhemius
2336 1922 2416 2002 c).
2478 1924 2682 1986 'Peste

1184 2034 1404 2095 Dione
1450 2024 1515 2109 d)
1576 2028 1756 2090 illam
1825 2026 2010 2088 duxit
2051 2024 2482 2109 Elagabalus,
2546 2042 2681 2109 quo

1185 2133 1510 2207 celerius,
1571 2144 1646 2192 ut
1704 2128 1963 2211 ajebat,
2024 2139 2213 2209 pater
2275 2124 2491 2191 fieret.
2576 2128 2684 2189 Ex

1185 2235 1424 2322 quibus
1471 2231 1730 2307 verbis,
1776 2244 1914 2293 tum
1974 2242 2040 2290 et
2082 2227 2445 2291 Herodiani
2473 2273 2491 2305 ,
2534 2211 2684 2292 eain

1182 2339 1255 2399 in
1286 2354 1565 2398 uxorum
1595 2333 1892 2413 catalogo
1921 2331 2199 2414 primam
2232 2333 2567 2395 recitantis
2598 2334 2680 2414 e),

1178 2451 1382 2522 atque
1432 2433 1629 2495 etiam
1677 2432 1892 2493 numis
1941 2430 2250 2507 Graecis,
2296 2453 2461 2517 quos
2508 2433 2683 2501 infra

1182 2536 1638 2622 proferemus,
1700 2546 1955 2597 certum
2018 2530 2094 2594 fit
2150 2549 2377 2596 contra
2433 2535 2682 2598 'Prista-

1181 2658 1378 2713 num,
1437 2649 1504 2697 et
1557 2620 2022 2718 spanhemium
2076 2631 2172 2717 f),
2233 2637 2504 2700 Paulam
2565 2656 2682 2700 no-

1180 2754 1389 2803 stram
1459 2759 1865 2823 nequaquam
1942 2737 2175 2800 ordine
2265 2737 2678 2814 movendam,

1176 2843 1381 2926 eique
1444 2852 1785 2921 tempore,
1846 2838 2022 2921 quod
2084 2839 2430 2915 volebant,
2491 2857 2683 2922 prae-

1180 2940 1529 3007 ferendam
1565 2939 1841 3001 Anniam
1883 2938 2257 3003 Faustinam
2280 2982 2297 3015 ,
2344 2960 2537 3023 quam
2574 2959 2681 3004 re·

1179 3062 1348 3106 vera
1383 3039 1587 3103 fuisse
1632 3051 2029 3121 postremam
2073 3059 2229 3103 mox
2276 3040 2680 3105 docebimus.

1183 3147 1549 3226 Augustam
1606 3139 1915 3202 continuo
1979 3141 2334 3226 appellavit
2383 3142 2678 3220 maritus,

1184 3241 1578 3327 nuptiasque
1626 3241 1863 3304 eximia
1910 3241 1980 3303 in
2043 3263 2270 3306 omnes
2325 3241 2683 3306 liberalita-

1184 3356 1298 3419 te,
1359 3354 1427 3404 et
1490 3341 1864 3428 magnificis·
1928 3343 2103 3406 ludis
2183 3344 2544 3409 celebravit
2591 3343 2677 3423 g).

1180 3444 1463 3509 Factum
1520 3442 1701 3507 istud
1756 3447 1834 3512 V.
1897 3446 1976 3510 C.
2024 3462 2186 3530 972,
2244 3445 2421 3508 band
2478 3444 2677 3507 dubie

1184 3545 1415 3646 paullo
1463 3535 1759 3629 postea,
1795 3567 1988 3630 quam
2056 3566 2141 3610 ex
2178 3546 2495 3630 Bithynia
2543 3537 2682 3610 Ro-

1184 3666 1362 3710 mam
1412 3647 1738 3728 pervenit.
1823 3649 1910 3710 At
1962 3648 2265 3733 quoniam
2320 3649 2495 3712 malo
2559 3670 2678 3713 suo

1188 3748 1514 3812 occultam
1568 3748 1638 3808 in
1703 3767 1984 3832 corpore
2047 3751 2367 3812 maculam
2430 3748 2677 3826 habuit,

1182 3863 1259 3911 ut
1287 3861 1562 3912 testatus
1596 3863 1697 3912 est
1741 3864 2004 3932 autepta
2048 3851 2478 3935 Elagabalus,
2524 3850 2679 3914 satis

1188 3970 1422 4013 causae
1456 3950 1673 4014 visum
1707 3972 1972 4014 moroso
2013 3954 2249 4014 marito
2272 3996 2288 4026 ,
2337 3972 2456 4032 cur
2485 3971 2682 4035 repu-

1185 4050 1355 4114 diata
1407 4052 1522 4114 illa
1574 4052 1657 4115 ad
1719 4055 1878 4120 alias
1928 4054 2185 4138 nuptias
2236 4053 2547 4115 transiret
2590 4049 2678 4133 ι3).

1182 4152 1360 4218 Huic
1417 4152 1599 4216 illam
1645 4154 1995 4219 calamitati
2048 4175 2182 4217 non
2232 4137 2382 4217 ante
2430 4143 2682 4216 autum·

1180 4276 1338 4318 num
1397 4256 1479 4322 'V-
1527 4258 1600 4321 C.
1646 4257 1769 4338 973
1827 4254 2030 4319 fuisse
2076 4255 2476 4331 involutam,
2519 4273 2677 4317 mox

1180 4373 1273 4418 ex
1304 4354 1520 4418 numis
1573 4356 1841 4430 Graecis
1878 4356 2365 4421 demonstrabo.
2420 4358 2673 4425 iussam

1256 4593 1319 4663 a)
1357 4590 1423 4650 in
1450 4590 1688 4667 Elagab.
1897 4590 1967 4663 b)
2007 4594 2068 4648 L.
2105 4593 2377 4655 LXXIX.
2410 4596 2458 4667 Β.
2492 4612 2549 4672 9.

1177 4679 1233 4751 f)
1272 4677 1310 4735 1.
1351 4698 1400 4737 c.
1576 4683 1581 4690 '
1622 4683 1689 4755 g)
1727 4679 1875 4751 Dio,
1918 4681 2241 4746 Herodian.
2280 4682 2346 4747 11.
2377 4703 2467 4744 cc.

2801 908 3116 993 deinceps
3146 906 3470 991 ademptis
3499 903 3801 969 omnibus
3819 902 4158 990 Augustae
4181 902 4306 970 bo·

2797 1011 3072 1077 noribns
3126 994 3448 1094 privatam
3496 1007 3695 1074 vitam
3738 1006 3973 1091 agere,
4018 1019 4305 1069 testatur

2796 1109 3049 1174 ibidem
3093 1110 3537 1174 Herodianus.
3607 1107 3776 1193 Ejus
3814 1108 4155 1194 reliquum
4199 1105 4300 1195 ἕεις

2797 1224 2937 1274 tum
2961 1210 3343 1297 ignoratur.

3402 1417 3703 1480 Numi.-

3083 1618 3345 1689 lVLIA.
3389 1617 3700 1687 PAVLA.
3741 1615 3947 1685 Ave.
4004 1620 4079 1681 in
4120 1622 4299 1682 omns·

3083 1723 3344 1783 metallo
3385 1731 3452 1783 et
3468 1722 3709 1799 forma.

3080 1822 3342 1890 IVLIA.
3379 1820 3696 1888 PAVLA.
3739 1817 4175 1891 AVGVSTA.
4219 1812 4297 1885 ἧι

3080 1927 3225 1984 ΑΕ.
3259 1926 3315 1985 J.

2798 2022 3336 2088 CONCORDIA.
3365 2026 3508 2086 vel.-
3538 2021 4068 2088 CONCORDIA.
4088 2021 4294 2092 AVG.

2795 2127 2943 2187 vel:
2988 2124 3522 2190 CONCORDIA.
3541 2126 3982 2189 AETERNA.
4029 2129 4302 2189 Concor-

2796 2228 2911 2287 dia
2940 2230 3183 2289 sedens.
3225 2228 3301 2288 In
3333 2227 3514 2290 aliist
3563 2231 3961 2308 Elayabalm
3997 2239 4066 2291 et
4078 2230 4297 2290 Paula

2797 2337 3040 2390 stantes
3057 2372 3076 2404 ,
3120 2338 3187 2390 el
3224 2333 3524 2391 dexterae
3563 2334 3910 2409 jnnyences
3929 2373 3947 2406 ,
3992 2334 4292 2392 adstante

2795 2447 3246 2512 nonnunquam
3260 2432 3329 2491 in
3353 2451 3572 2492 earum
3586 2433 3790 2493 medio
3813 2435 4025 2512 styma
4047 2433 4294 2494 velata.

2924 2529 3121 2591 Numi
3156 2530 3267 2592 alii
3298 2526 3449 2594 cum
3469 2529 3648 2611 typis
3673 2530 3916 2593 obviis:
3963 2530 4279 2599 VENVS.

2796 2630 3242 2692 GENtTfltx.
3302 2663 3388 2678 —
3462 2629 3947 2696 FELICITAS.
4018 2631 4295 2704 AVGV-

2797 2733 2987 2795 STA.
3011 2746 3150 2797 etc.
4323 2760 4330 2765 ·

3064 2937 3266 3002 Numi
3293 2939 3638 3028 commatis
3670 2940 4017 3036 peregrini.

2921 3138 3084 3224 Ejus
3107 3141 3367 3224 generis
3390 3140 3770 3226 complures
3792 3143 3860 3204 in
3883 3141 4134 3204 muscis
4153 3160 4292 3204 set·-

2791 3256 3048 3308 vantur.
3079 3245 3183 3303 ·1n
3229 3242 3499 3307 Graecis
3540 3262 3738 3327 saepe
3773 3242 4053 3328 legitur:
4099 3239 4289 3304 IOT-

2792 3340 2985 3405 AIA.
3016 3340 3532 3408 KOPNHAIA.
3556 3339 3919 3408 HATAA.
3963 3344 4290 3408 Illustrio·

2792 3465 2904 3508 res
2937 3459 3087 3507 sunt
3111 3445 3193 3523 ii,
3238 3445 3347 3529 qui
3384 3465 3505 3529 per
3538 3445 3890 3530 inscriptos
3919 3445 4288 3525 annosejus

2793 3559 3093 3629 tempora
3160 3547 3494 3630 copiosius
3546 3546 3934 3609 illustrant.'
3979 3545 4286 3609 Diximus

2791 3644 2999 3710 fuisse
3046 3663 3311 3731 nuptam
3358 3649 3442 3713 V.
3475 3650 3555 3712 C.
3601 3665 3745 3732 972.
3791 3651 3956 3712 Cum
3996 3647 4131 3713 hoc
4172 3666 4294 3711 an-

2791 3768 2879 3809 no
2915 3747 3111 3811 facile
3164 3763 3649 3839 componuntur
3686 3741 3868 3811 numi
3899 3750 4289 3813 Alexandri·

2791 3848 2861 3910 ni
2897 3870 3030 3911 non
3078 3850 3530 3934 infrequentes
3560 3851 3858 3934 inscripti
3886 3852 3969 3913 L.
4007 3846 4090 3915 Γ.
4173 3854 4284 3914 Ex

2789 3968 3023 4013 eornm
3061 3951 3329 4035 cognito
3361 3952 3618 4015 calculo
3662 3952 3881 4035 coepit
3923 3967 4129 4016 annus
4167 3956 4283 4015 111.

2794 4066 3077 4115 exeunte
3098 4053 3392 4137 Augusto
3421 4053 3712 4137 ejusdem
3733 4054 3905 4118 anni.
3935 4054 4159 4116 Alium
4191 4055 4284 4119 ci-

2786 4145 2886 4217 'tat
2909 4154 3294 4222 Vaillantius
3316 4199 3333 4231 ,
3368 4155 3879 4218 Alexandrinum
3918 4155 4086 4217 item‘
4122 4174 4276 4219 cum

2790 4275 2957 4318 anno
3018 4253 3099 4319 Δ.
3184 4259 3371 4341 Ergo
3433 4270 3714 4320 exeunte
3763 4257 4061 4340 Augusto
4113 4257 4276 4320 anni

2786 4357 2912 4444 973
2963 4356 3183 4434 adhuc
3244 4364 3612 4442 Augustum
3670 4357 3935 4420 thorum
3997 4376 4279 4440 occupa-

2761 4600 2822 4671 ο)
2859 4598 3022 4656 Tom.
3060 4599 3135 4660 11.
3171 4620 3233 4678 p.
3273 4609 3398 4675 298.
3602 4600 3671 4672 d>
3713 4598 3832 4657 lxc.
3985 4617 4000 4632 ‘
4040 4602 4102 4671 e)
4142 4598 4180 4656 1.
4218 4621 4271 4656 e.

2587 4763 2594 4770 ,
2692 4687 2762 4760 h)
2799 4686 2911 4746 Dio
2953 4687 2992 4745 l.
3034 4708 3090 4750 c.
