4652 5937
1293 437 1465 512 tht·

1306 603 1635 671 collectos
1675 594 1826 663 vide
1885 540 2075 682 apud⁹
2106 585 2507 668 Bandurium
2558 608 2626 673 p.
2683 588 2798 654 135

1303 726 1440 789 seq.
1984 716 1991 723 ·

1860 839 1900 879 ἒ
2026 794 2065 834 *ι
2192 834 2234 879 ff

1308 903 1766 970 Alexandrini.

1443 1003 1537 1071 Π.
1597 998 1788 1066 ΛΙΚ.
1845 996 2050 1065 ΚΟΡ.
2108 991 2801 1062 ΟΤΑΛΕΡῙΑΝΟΟ.

1310 1107 1554 1172 ΚΑῙΟ.
1578 1101 1764 1168 CGB.
1788 1108 1988 1186 Caput
2003 1104 2240 1164 nudum
2258 1119 2399 1162 cum
2419 1101 2611 1160 annis
2628 1093 2706 1158 Δ.
2731 1092 2804 1156 Ε.

1317 1220 1390 1284 03
1413 1254 1427 1271 .
1450 1212 1521 1269 Ζ.
1544 1210 1774 1287 (Mem.
1801 1209 1881 1268 Β.
1902 1207 1976 1265 L.
2008 1207 2084 1264 Τ.
2107 1200 2374 1262 xxxn.
2408 1223 2472 1283 p.
2502 1199 2681 1278 268.)

1440 1313 1600 1373 Cum
1645 1309 1787 1370 solo
1820 1306 2260 1384 imperatori-5,
2307 1322 2425 1371 seu
2455 1296 2811 1382 ἅυτοκςατο-

1313 1431 1413 1491 ρος
1444 1411 1672 1473 titulo:

1437 1513 1614 1572 ΙΜΡ.
1666 1510 1743 1573 C.
1804 1509 1888 1572 L.
1941 1505 2521 1575 VALERIANVS.
2595 1502 2805 1568 NOB.

1319 1612 1562 1676 CAES.
1634 1621 1780 1703 tyge
1830 1593 2033 1671 ’tr-ilem
2095 1614 2512 1670 Monetarmn.
2574 1605 2710 1664 AB.
2755 1604 2805 1668 1.

1314 1716 1521 1792 (Mus.
1554 1711 1955 1772 Genovevae
1995 1709 2126 1771 tab.
2163 1709 2339 1768 xlx.
2370 1728 2434 1766 n.
2476 1708 2603 1783 20.)
2678 1705 2810 1770 Ve-

1311 1833 1460 1874 rum
1483 1812 1550 1871 in
1570 1810 1904 1871 simillimo
1928 1809 2135 1870 musei
2159 1805 2461 1870 Caesarei
2487 1826 2606 1891 pro
2627 1806 2803 1867 IMP.

1312 1913 1565 1998 legitur
1593 1911 1980 1994 simpliciter
2007 1910 2082 1970 P.

1439 2013 1623 2075 IMP.
1671 2014 1914 2076 CAES.
1965 2014 2038 2073 P.
2078 2011 2241 2074 Ltc.
2294 2008 2555 2074 CORN.
2602 2005 2809 2069 GAL-

1310 2115 1608 2180 LIENO.
1660 2118 1860 2194 Caput
1891 2117 2249 2189 radiatum,
2296 2110 2684 2174 Antiochiae
2702 2108 2810 2170 Pi·

1315 2219 1540 2281 sidiae.
1589 2220 1788 2298 (Mus.
1819 2214 2038 2293 Caes.)
2483 2221 2490 2227 ‘

1441 2320 1526 2377 A.
1553 2320 1633 2380 K.
1657 2312 1748 2377 Π.
1774 2309 1957 2380 ΛΙΚ.
1982 2308 2675 2375 ΟΤΑΛΕΡΙΑΝΟΟ.
2693 2316 2811 2374 Ca-

1300 2431 1426 2503 put
1455 2424 1848 2493 laureatum,
1896 2419 2133 2498 Cymes
2156 2413 2475 2490 Aeolidis,
2504 2426 2568 2476 et
2591 2414 2812 2496 Smyr·

1314 2543 1460 2585 nae.
1503 2517 1770 2601 (Band.)
2156 2504 2157 2509 ἵ
2340 2586 2346 2589 ‚

1441 2626 1542 2685 Ex
1587 2621 1888 2706 catalogo
1942 2638 2326 2694 numorum,
2391 2617 2505 2706 qui
2558 2615 2809 2682 Saloni-

1306 2746 1462 2788 num
1520 2728 1885 2805 Augustum
1935 2720 2191 2795 dicunt,
2275 2719 2660 2782 eximendus
2723 2718 2824 2795 is,-

1227 2896 1236 2903 ,
1305 2844 1500 2911 quem
1534 2823 1902 2885 Bandurius
1930 2820 2024 2881 sic
2059 2816 2411 2881 describit:

1595 2925 1780 2992 SAL.
1809 2919 2392 2989 VALERIANVS.
2428 2918 2630 2985 AVG.
2692 2925 2806 2984 Ca·

1479 3080 1483 3087 ,
1529 3084 1533 3088 ,
1579 3036 1704 3104 put
1735 3023 2047 3086 Salonini
2096 3041 2333 3082 corona
2382 3042 2467 3083 εει·
2505 3025 2694 3100 >lauro
2739 3031 2806 3084 et

1584 3128 1852 3204 yemmis
1879 3132 2194 3184 ornatam.

1302 3207 1660 3292 VENERI.
1705 3225 2131 3291 Vlc'rntcl.
2185 3227 2324 3286 Dea
2372 3234 2553 3286 stans
2586 3228 2648 3286 cl.
2684 3245 2801 3304 pa-

1302 3348 1504 3402 mum,
1550 3351 1601 3388 a.
1631 3331 1924 3407 yaleam,
1972 3328 2041 3386 in
2076 3347 2233 3388 area
2271 3327 2350 3403 S,
2389 3330 2626 3398 inimo
2660 3325 2803 3387 SM.

1307 3429 1438 3491 ΤΒ.
1470 3431 1606 3490 ΑΕ.
1636 3430 1719 3490 Π.

1427 3532 1714 3603 Numam
1774 3526 1951 3592 hune
2017 3528 2233 3590 hausit
2281 3527 2653 3591 Bandurius
2714 3548 2794 3591 ex

1299 3651 1529 3693 museo
1574 3633 1664 3691 M.
1702 3629 1930 3690 Ducis.
2017 3618 2115 3691 Ea
2155 3628 2378 3691 >lectio
2440 3651 2585 3693 cum
2635 3628 2798 3690 mihi

1300 3731 1561 3815 pridem
1607 3728 1907 3814 suspectfa
1951 3729 2087 3793 wisa
2128 3743 2339 3804 esset,
2384 3738 2653 3791 numum
2692 3749 2796 3792 co·

1296 3852 1437 3894 ram
1503 3845 1731 3894 curate
1798 3829 2089 3919 inspexi,
2162 3845 2226 3892 at
2287 3851 2437 3892 eum
2496 3829 2795 3892 nonnihil

1305 3951 1544 3996 exesae
1576 3932 1704 3993 sint
1730 3930 1964 3994 literae
1985 3975 2003 4007 ,
2048 3931 2224 3998 aliud
2244 3931 2634 4014 exsculpere
2667 3952 2797 3991 non

1299 4035 1525 4113 licuit,
1586 4044 2090 4116 praeterquam:
2155 4030 2797 4102 SAL..VALERrA·

1304 4135 1476 4203 NVS
1500 4181 1516 4211 ,
1557 4148 1632 4196 ut
1665 4134 1801 4197 dixi
1845 4133 1912 4195 in
1944 4133 2110 4195 meis
2144 4137 2339 4197 Num.
2384 4148 2517 4199 vet.
2545 4158 2609 4219 p.
2648 4134 2796 4209 314,

1304 4257 1437 4322 quo
1469 4238 1621 4299 loeo
1663 4236 1964 4299 fallacem
2003 4233 2182 4297 hunc
2215 4257 2482 4300 numum
2516 4236 2799 4304 restitui.

1272 4328 1540 4403 'Serius
1604 4336 1962 4402 obductum
2023 4349 2091 4398 et
2131 4336 2488 4422 Bandurio·
2527 4348 2592 4403 et
2637 4337 2799 4407 mihi

1309 4439 1651 4524 glaucoma
1686 4434 2000 4515 adverti,x
2024 4457 2173 4505 eum
2211 4436 2577 4528 reperirem
2622 4457 2797 4516 casu,

1385 4652 1445 4720 a)
1469 4649 1546 4718 ‚in
1580 4645 1774 4730 ‚pr-aes.
1813 4646 1894 4705 ad
1928 4649 2094 4713 Tom.
2130 4649 2177 4716 Ι.

2489 402 2535 478 S
2565 401 2622 478 Α
2642 405 2702 477 L
2728 405 2791 477 O
2813 402 2934 479 NI
2952 402 3021 479 N
3041 402 3111 478 V
3130 402 3201 479 S.

2893 588 3146 672 >eapitis
3178 583 3580 672 epigraphen
3613 582 3965 670 legendam
3988 607 4010 649 ε
4066 585 4303 650 GAL.
4334 588 4462 652 VA·
4547 579 4548 596 ¹

2914 689 3203 754 LERIA.
3245 687 3447 749 AVG.
3472 730 3487 761 ,
3517 694 3938 770 'nuruumque
3969 708 4136 750 esse
4179 690 4460 750 obvia·

2915 812 2992 854 ac
3027 791 3253 861 tritum
3297 789 3601 851 Galeriae
3638 787 3950 853 Valeriae
4002 791 4273 852 uxoris
4324 791 4457 852 Gal.
4539 774 4544 846 s

2916 890 3314 964 Maximiani.

3051 991 3592 1057 Commemoratis
3656 990 3952 1053 Salonini
4013 994 4339 1078 Augusti
4395 1009 4452 1056 et

2916 1095 3337 1186 imperatoris
3374 1093 3586 1156 numis
3624 1094 4043 1157 eruditorum
4089 1095 4182 1157 de
4225 1095 4338 1157 his
4365 1098 4452 1176 ja·

2924 1196 3091 1259 dicia
3129 1195 3471 1259 audienda.

3047 1296 3418 1359 Bandurius
3476 1319 3622 1361 cum
3667 1296 3969 1372 videret,
4038 1296 4438 1360 Saloninum

2922 1399 3134 1463 adhue
3170 1400 3389 1463 vivum
3433 1400 3499 1460 in
3535 1400 3749 1460 numis
3794 1399 4293 1482 compluribus
4326 1400 4437 1460 diei

2920 1502 3324 1584 Augustum,
3372 1515 3434 1561 at
3477 1502 3819 1562 Caesarem
3862 1514 4140 1562 tantum
4199 1502 4276 1562 in
4314 1501 4436 1581 ejus

2922 1601 3556 1679 consecratinumis,
3602 1616 3729 1664 tam
3760 1623 4038 1685 gravem
4076 1622 4242 1666 eam
4287 1600 4434 1664 diffi-

2924 1704 3233 1764 cultatem
3273 1703 3514 1779 edixit,
3559 1716 3631 1764 ut
3676 1704 3858 1764 nulla
3904 1703 4185 1788 ingenii
4220 1705 4290 1771 ri
4343 1725 4434 1767 ex·

2866 1880 2875 1886 .
2918 1803 3152 1888 plicari
3189 1824 3379 1887 posse
3425 1819 3777 1867 testaretur
3808 1809 3881 1883 ⁸).

3044 1905 3414 1967 Audentior
3432 1907 3889 1990 Brequignyus
3920 1906 4193 1970 nodum
4232 1908 4429 1971 solve·

2920 2023 2996 2066 re
3019 2008 3293 2078 tentavit
3317 2010 3382 2071 in
3423 2029 3536 2070 sua
3566 1999 4031 2070 dissertatione
4064 2009 4156 2071 de
4195 2010 4426 2073 familia

2923 2107 3208 2169 Gallieni
3251 2106 3351 2190 b),
3411 2108 3589 2196 quod
3636 2108 3901 2195 quidem
3941 2123 4308 2176 tentamen
4348 2114 4426 2175 sin

2924 2209 3251 2273 instruxit.
3601 2266 3610 2269 Δ

3050 2313 3321 2377 Constat
3342 2360 3359 2391 ,
3406 2311 3785 2377 Saloninum
3817 2314 3898 2381 'V-
3932 2314 4005 2377 C.
4059 2334 4237 2380 101⁰
4268 2340 4303 2379 a
4329 2336 4421 2399 Ρ·

2924 2426 3026 2474 tre
3079 2414 3381 2477 Gallieno
3434 2436 3514 2478 ex
3551 2414 3716 2480 urbe
3753 2415 3822 2475 in
3876 2415 4140 2479 Gallias
4194 2417 4283 2480 ad
4328 2437 4418 2479 ex-

2924 2514 3202 2579 ercitum
3265 2517 3578 2592 accitum,
3645 2533 3711 2579 at
3764 2537 3912 2579 cum
3958 2531 4160 2601 pater
4206 2518 4416 2603 paullo

2921 2628 3071 2698 post
3105 2617 3513 2681 turbantibus
3546 2616 3903 2680 Pannoniis
3938 2618 4306 2683 discedere
4337 2622 4416 2681 ia·

2879 2768 2883 2772 .
2920 2716 3003 2779 de
3048 2732 3441 2800 cogeretur,
3501 2717 3705 2783 fllium
3752 2719 4110 2804 reliquisse
4155 2722 4228 2783 in
4278 2721 4415 2785 Gal·

2920 2819 3059 2896 liis,
3105 2818 3219 2881 ubi
3250 2818 3488 2883 deinde
3516 2842 3592 2884 ea
3625 2844 3658 2883 a
3688 2825 3999 2884 Postumo
4023 2844 4269 2905 passus
4301 2836 4413 2894 est.

2871 2941 3086 3006 ·quae
3150 2920 3452 2983 diximus.
3537 2922 3956 2999 Verisimile,
4024 2923 4408 2987 Saloninum

2917 3045 2951 3084 a
3012 3036 3197 3105 patre
3264 3038 3605 3108 antequam
3683 3025 4092 3100 discederet,
4167 3025 4407 3087 dietm

2913 3125 3319 3206 Augustum,
3383 3140 3453 3186 ut
3514 3125 3761 3205 majore
3809 3127 3876 3188 in
3921 3125 4162 3188 Galliis
4205 3126 4410 3211 polle-

2914 3239 3019 3287 ret
3049 3224 3456 3289 auctoritate.
3549 3227 3744 3320 Quod
3773 3228 3830 3288 si
3859 3242 4260 3303 statuamus,
4307 3228 4408 3292 de·

2916 3328 3121 3389 latum
3173 3327 3345 3390 hunc
3388 3324 3527 3405 filio
3580 3328 3901 3391 honorem
3946 3351 4080 3393 non
4120 3330 4337 3394 fuisse
4375 3353 4406 3393 a

2918 3441 3145 3490 senatu
3189 3441 3402 3490 ratum
3446 3427 3774 3505 habitum,
3834 3429 3964 3493 hoe
4009 3451 4143 3493 uno
4192 3432 4405 3494 conci·

2911 3523 3246 3591 liabuntur
3272 3529 3470 3592 facile
3491 3574 3508 3607 ,
3553 3551 3720 3615 quae
3746 3532 3927 3595 nulla
3960 3535 4225 3597 ratione
4256 3555 4408 3598 con·

2913 3630 3124 3692 ciliari
3161 3650 3355 3713 posse
3389 3629 3805 3697 videbuntur.
3880 3637 3983 3695 Ex
4014 3637 4250 3698 Vetere
4272 3655 4403 3698 mo·

2914 3751 2989 3792 re
3037 3731 3412 3813 provinciae
3454 3733 3698 3803 divisae
3741 3748 3928 3797 erant
3982 3734 4161 3797 inter
4202 3736 4401 3820 impe·

2914 3847 3169 3896 ratores
3228 3845 3294 3895 et
3356 3848 3675 3919 senatum.
3756 3838 3940 3920 Ergo
4003 3855 4171 3920 quae
4220 3851 4400 3900 erant

2912 3933 3154 4017 prioris
3200 3934 3496 4017 generiS,
3557 3935 3892 4000 intellecta
3929 3936 4247 4022 principis
4288 3957 4402 4001 vo·
4464 3981 4475 3987 -

2912 4035 3162 4098 luntate
3210 4037 3591 4100 Saloninum
3635 4026 3966 4121 agnovere
4008 4040 4395 4125 Augustum,

2911 4156 3044 4200 non
3100 4136 3297 4214 item,
3359 4157 3525 4221 quae
3598 4160 3633 4200 a
3713 4153 3937 4203 senatu
3999 4141 4394 4225 pependere.

2909 4240 2999 4300 Et
3065 4237 3332 4320 agnovit
3393 4240 3730 4323 Aegyptus
3773 4241 4179 4324 Augustum,
4242 4264 4396 4328 quo-

2912 4339 3087 4402 niam
3135 4339 3557 4424 imperatoria
3597 4361 3672 4404 ea
3694 4342 3860 4418 fuit3
3906 4342 4080 4409 unde
4125 4357 4225 4407 tot
4254 4345 4390 4428 ejus

2914 4439 3145 4517 numi,
3225 4442 3344 4526 'qui
3421 4440 3737 4521 ΟΕΒας-ων
3812 4465 3967 4533 ,eum
4045 4445 4388 4532 appellant.

2324 4651 2395 4726 b)
2425 4653 2603 4718 nem.
2644 4654 2711 4714 Β.
2751 4655 2829 4715 1...
2855 4656 2924 4713 T.
2964 4656 3209 4718 xxxn.
3246 4677 3311 4734 p.
3350 4623 3511 4724 266)
