4652 5937
1158 420 1167 425 ·
1270 346 2073 479 AvnmvaS.
3015 344 3268 507 '479-

816 650 825 659 ⁸
897 689 971 748 L.
1052 687 1599 751 DOMITIVS
1677 682 2412 753 AVRE‘LIANVS.

204 890 550 955 Obscuro
588 908 834 973 genere
883 887 1107 951 Sirmii
1143 889 1250 952 vel
1294 889 1361 950 in
1410 887 1645 950 Dacia-

34 992 389 1075 Ripensi
428 1005 652 1067 natus,
700 991 827 1075 εθᾱ,
847 1004 1026 1053 tanto
1058 991 1383 1053 illustrior
1411 989 1614 1054 virtu-

37 1109 134 1156 te
183 1092 466 1156 bellica
507 1107 573 1155 et
607 1092 949 1175 disciplina
1001 1093 1270 1154 militari
1312 1091 1490 1156 omni
1530 1089 1617 1151 ri·

46 1216 260 1280 gore
320 1208 581 1257 exacta.
670 1199 887 1279 Atque
938 1206 1153 1255 tantae
1211 1194 1421 1256 laudis
1478 1193 1617 1273 opi-

62 1299 310 1359 nione
383 1296 661 1379 adeptus
716 1310 855 1371 est,
929 1307 1000 1356 ut
1063 1308 1325 1356 mortuo
1389 1282 1613 1356 Sirmii

59 1396 396 1460 Claudio
431 1416 747 1481 praesens
790 1398 931 1480 ipse
970 1397 1331 1480 imperator
1373 1394 1452 1457 ab
1506 1415 1616 1456 ex-

61 1499 318 1562 ercitu
368 1499 854 1582 appellaretur,
917 1498 1281 1592 Quintillo,
1329 1498 1441 1581 qui
1485 1495 1618 1558 fra·

65 1602 169 1662 tri
226 1600 776 1663 Claudio·etiam
823 1614 1082 1662 senatus
1127 1597 1459 1682 suffragiis
1505 1595 1613 1659 ad·

72 1700 281 1783 jutus
307 1713 744 1775 successerat,
790 1701 1101 1762 resistere
1122 1722 1252 1763 non
1280 1720 1459 1775 auso,
1495 1698 1613 1761 sed

66 1801 411 1865 fortioris
446 1800 784 1863 Aureliani
822 1802 1240 1866 metu'v'itam
1270 1822 1416 1865 cum
1441 1821 1613 1863 mor-

75 1918 157 1966 te
196 1916 680 1967 commutante.
759 1904 1055 1966 Incertus
1090 1918 1191 1967 est
1225 1903 1457 1965 natalis
1496 1901 1615 1963 im-

84 2005 322 2087 perii,
371 2019 449 2067 ut
486 2003 744 2067 dicetur
775 2003 967 2066 infra.

441 2212 513 2270 V.
564 2212 623 2270 c.
674 2192 855 2272 1023.
904 2211 973 2269 Ρ.
1019 2209 1101 2271 Χ.
1145 2214 1290 2271 270.

288 2313 419 2373 ΤΒ.
457 2313 524 2370 Ρ.
570 2313 745 2371 COS.
790 2311 981 2371 DES.
1029 2313 1097 2369 P.
1136 2314 1221 2370 M.
1266 2312 1334 2368 P.
1372 2311 1439 2368 P.

318 2440 323 2463 ι
412 2412 845 2473 Antiochiano
868 2455 885 2486 ,
934 2413 1131 2489 Orfito
1170 2430 1298 2471 cos.

237 2612 470 2677 Rebus
503 2616 755 2676 Romae
802 2634 1121 2697 prospere
1169 2611 1501 2697 dispositis
1545 2612 1611 2675 in

106 2718 518 2780 Pannoniam
580 2717 892 2779 adversus
938 2715 1190 2776 Gothos
1251 2707 1614 2797 proficisci·

110 2833 261 2891 tur,
305 2818 516 2901 iisque
569 2816 801 2879 redire.
839 2816 919 2879 ad
956 2837 1065 2878 sua
1111 2815 1355 2878 coactis
1401 2816 1611 2877 altero

119 2920 631 2980 Alemannorum
670 2919 857 2981 bello*
883 2917 1242 3000 excipitur,
1288 2937 1451 3002 quos
1483 2918 1616 3001 pri·

123 3041 302 3081 mum
349 3020 416 3077 in
446 3018 814 3084 Vindelicia
857 3019 1099 3093 vincit,
1145 3032 1208 3079 at
1254 3020 1465 3081 vicem
1509 3018 1629 3080 re-‘

124 3119 495 3204 penderant
525 3118 660 3179 acri
707 3118 879 3202 apud
911 3118 1322 3184 Vincentiam
1357 3121 1612 3201 praelio

127 3222 432 3286 victores.
522 3220 594 3278 In
635 3231 813 3279 tanto
848 3215 1029 3278 urbis
1074 3216 1279 3299 ipsius
1312 3219 1614 3307 periculo

58 3343 61 3344 ’
133 3321 521 3386 Aurelianus
580 3316 933 3401 resumptis
993 3316 1224 3378 animis
1300 3318 1616 3382 barbaros

140 3424 349 3485 denuo
370 3438 716 3504 aggressus
747 3417 952 3480 caesis
984 3415 1130 3479 fere
1149 3417 1447 3481 omnibus
1461 3422 1619 3488 Vm·-

135 3525 369 3598 briam,
416 3541 723 3604 quorsum
756 3519 886 3601 jam
922 3517 1086 3580 enisi
1115 3519 1340 3595 fuere,
1388 3541 1461 3583 ac
1497 3523 1617 3584 lta-

140 3628 287 3688 liam
330 3642 585 3684 omnem
621 3638 877 3683 terrore
909 3619 1165 3682 liberat.
1246 3619 1414 3686 Vide
1449 3619 1611 3683 haec

144 3725 750 3791 adcurate-collecta
782 3722 953 3806 apud
987 3722 1506 3785 Tillemontium.

264 3825 637 3891 Paucissimi
667 3837 817 3884 sunt
849 3823 1183 3884 Aureliani
1228 3826 1439 3901 numi,
1503 3823 1613 3909 qui

150 3931 494 3994 tribunatus
539 3940 604 3987 et
647 3926 1019 3989 consulatus
1063 3925 1414 4007 inscriptos
1458 3924 1621 3989 offe·

152 4045 327 4105 runt,
369 4044 428 4092 et
472 4027 581 4113 qui
630 4025 801 4087 istud
848 4040 1207 4109 praestant,
1245 4025 1617 4092 chronolo-

162 4133 315 4217 giam
350 4132 556 4212 magis
601 4109 1002 4210 impediunt,
1047 4147 1239 4212 quam
1291 4127 1615 4209 adjuvant.

162 4235 360 4329 Quare
393 4229 470 4292 ab
506 4228 770 4311 his-per
798 4228 1062 4291 annales
1098 4228 1474 4312 digerendis
1507 4229 1617 4293 ab·

164 4331 428 4406 stinebo,
476 4349 830 4412 omnesque
868 4329 1008 4412 ejus
1047 4351 1317 4407 numos,
1365 4330 1479 4415 qui
1520 4329 1616 4394 di·

166 4455 340 4523 gnum
380 4431 708 4518 quidpiam
744 4428 1058 4506 offerent,
1090 4433 1477 4516 »promiscue
1512 4452 1615 4495 re-

156 4537 376 4603 citabo.

694 4675 734 4715 Φ
859 4633 897 4672 ·
1021 4679 1059 4717 fi

2063 894 2136 955 V.
2185 893 2246 951 C.
2296 897 2479 954 1024.
2526 894 2597 953 Ρ.
2642 894 2725 957 Χ.
2769 892 2913 958 271.

1977 996 2100 1055 ΤΒ.
2129 997 2200 1054 Ρ.
2233 996 2322 1054 ΙῙ.
2365 995 2541 1055 COS.
2575 997 2644 1054 P.
2684 997 2768 1055 M.
2799 999 2871 1056 P.
2906 998 2979 1058 P.

1727 1095 2084 1157 Aureliano
2122 1098 2323 1173 Any„
2374 1095 2630 1157 Ceionio
2671 1098 2852 1157 Vitio
2887 1100 3092 1161 Basso
3129 1104 3218 1162 11.

2114 1208 2117 1209 ⁷
2415 1216 2545 1257 cos.

1858 1397 2007 1459 Hoc
2042 1417 2210 1460 anno
2242 1396 2538 1461 creditur
2569 1398 2959 1462 Aurelianus
2995 1398 3226 1467 incho-

1732 1515 1875 1559 asse
1914 1519 2168 1559 murum
2194 1543 2211 1573 ,
2258 1499 2372 1582 qui
2402 1498 2731 1584 hodieque
2754 1516 3086 1585 superstes
3116 1526 3225 1565 ur-

1731 1598 1831 1661 bis
1876 1599 2189 1660 ambitum
2244 1596 2505 1675 definit,
2567 1601 2727 1683 ipsis
2785 1601 2916 1684 jam
2959 1592 3224 1686 imperii

1732 1697 2241 1783 propugnaculis
2279 1699 2360 1762 ad
2408 1700 2590 1761 urbis
2632 1700 2949 1785 principis
2997 1702 3222 1766 defen.-

1733 1802 1982 1863 sionem
2019 1800 2348 1865 invalidis.
2394 1801 2841 1884 (Tillemont.)

2050 2007 2124 2067 V.
2172 2006 2232 2064 c.
2285 2011 2468 2065 1025.
2509 1991 2583 2064 Ρ.
2633 2005 2712 2064 Χ.
2759 2011 2905 2069 272.

1906 2109 2029 2167 ΤΒ.
2077 2109 2149 2167 P.
2194 2106 2320 2165 III.
2372 2106 2547 2163 COS.
2596 2108 2667 2165 P.
2714 2108 2802 2165 M.
2851 2110 2916 2167 P.
2960 2112 3032 2170 P.

2012 2208 2239 2281 Quieto
2260 2247 2277 2280 ‚
2329 2206 2754 2268 Voldumiano
2787 2228 2917 2270 cos.

1851 2407 2115 2468 Bellum
2149 2407 2212 2469 in
2233 2406 2590 2470 Zenobiam
2612 2408 2906 2471 Orientis
2921 2411 3217 2494 reginam
3241 2442 3254 2447 ·

1636 2568 1639 2569 ⁷
1727 2520 1974 2569 movet.
2061 2509 2192 2569 Per
2227 2510 2356 2570 iter
2403 2508 2656 2571 Gothos
2692 2510 2756 2569 in
2804 2510 3083 2576 Thracia
3129 2532 3222 2579 at-

1726 2609 1920 2682 terit,
1968 2622 2032 2671 et
2064 2610 2278 2670 Asiam
2299 2611 2622 2672 minorem
2655 2609 2780 2671 sibi
2810 2610 3047 2676 iterum
3070 2616 3219 2680 sub-

1725 2708 1884 2790 jicit.
1974 2710 2332 2773 Zenobiam
2391 2711 2629 2776 victam
2702 2713 3044 2796 Palmyrae
3105 2716 3218 2780 ob-

1727 2808 1919 2872 sidet.
1988 2846 1993 2851 1

2006 3032 2011 3037 ·
2080 3020 2151 3076 V.
2194 3017 2256 3080 C.
2300 3024 2481 3081 1026.
2525 3022 2591 3080 P.
2627 3023 2711 3083 X.
2743 3027 2889 3084 273.

1736 3118 1863 3176 ΤΒ.
1908 3119 1973 3175 P.
2026 3117 2143 3177 IV.
2203 3119 2378 3178 COS.
2427 3123 2616 3181 DES.
2660 3124 2751 3181 11.
2798 3125 2868 3181 P.
2916 3125 3001 3184 M.
3042 3127 3110 3186 Ρ.
3145 3129 3215 3187 Ρ.

1849 3218 1935 3274 Μ.
1970 3217 2239 3277 Claudio
2276 3221 2497 3282 Tacito
2520 3263 2535 3293 ,
2582 3223 2962 3283 placidiano
2990 3243 3120 3286 cos.

1860 3413 2216 3478 Zenobiam
2262 3416 2462 3494 nebus
2512 3417 2872 3502 desperatis
2912 3425 3221 3508 Palmyra

1733 3517 2015 3598 elapsam
2094 3537 2177 3579 ex
2239 3518 2392 3601 fuga
2469 3523 2774 3596 retrahit,
2862 3525 3221 3611 urbemque

1730 3617 1934 3700 ipsam
2000 3616 2334 3680 deditione
2391 3621 2645 3703 accipit.
2735 3626 3090 3708 Compei-to
3154 3631 3222 3690 in

1733 3719 2052 3793 Thracia,
2116 3720 2543 3801 Palmyrenos
2588 3723 2824 3784 iterum
2873 3727 3218 3806 defecisse,

1734 3821 2043 3882 continuo
2078 3841 2387 3884 reversus
2420 3823 2651 3888 urbem
2700 3846 2942 3888 eorum·
2970 3832 3222 3893 exscin-

1736 3922 1867 3998 dit,
1915 3923 2107 3983 motis
2164 3922 2404 3986 deinde
2450 3925 2514 3985 in
2552 3927 2918 4010 Aegyptum
2965 3936 3215 4010 castris,

1731 4028 1795 4086 in
1830 4047 1951 4109 qua
1987 4025 2247 4086 Firmus
2284 4025 2695 4108 tyrannidem
2739 4029 3031 4111 arripuit.
3119 4037 3222 4097 Eo

1730 4127 1951 4202 victo,
2034 4139 2099 4188 et
2151 4129 2331 4198 ‚mori
2392 4142 2619 4192 coacto
2679 4134 3219 4215 tranquillitatem

1732 4228 2041 4291 restituit.
2092 4227 2174 4289 -1n
2208 4229 2640 4293 Occidentem
2672 4232 2882 4293 redux
2917 4237 3220 4302 Tetricos

1729 4328 1885 4392 inde
1929 4329 2008 4392 ab
2060 4349 2227 4392 anno
2257 4333 2338 4396 V.
2372 4333 2444 4391 C.
2501 4349 2657 4392 tono
2708 4334 3069 4400 Galliarum
3124 4354 3218 4423 ty·
3285 4320 3296 4329 ³

1728 4451 1970 4495 rannos
2002 4450 2119 4492 seu
2151 4431 2354 4494 vincit
2376 4477 2393 4508 ,
2440 4452 2556 4495 seu
2589 4434 2885 4500 volentes
2922 4440 2985 4501 in
3018 4440 3218 4507 fidem

1729 4534 2005 4618 recipit,
2066 4532 2414 4617 magnifico
2472 4533 2734 4611 demum
2790 4556 2934 4605 acto
2993 4545 3223 4610 trium-

1728 4636 1862 4722 pho
1889 4681 1906 4712 ,
1968 4656 2163 4720 quem
2222 4636 2514 4736 Zenobia
2560 4640 2941 4730 'l'etrioique
2989 4648 3221 4714 vinctis

4573 3487 4587 3598 ψ-,ι-ῃ,
