4652 5937
1220 409 1959 487 ALEXANDER
2045 409 2621 488 SEVERVS.

546 602 554 609 “
665 598 753 659 Vt
793 598 891 659 tit.
938 595 1015 656 D.
1060 602 1129 656 ee
1163 597 1238 657 E.

373 702 447 763 Ρ.
473 698 570 765 Μ.
608 701 747 762 ΤΒ.
773 696 1067 764 P.V1111.
1090 694 1414 760 COS.111.
1447 695 1525 762 P.
1542 697 1622 763 P.
1667 700 1873 760 variis

376 804 546 881 typis
565 844 583 876 ,
615 802 1022 884 frequentius
1044 800 1170 860 Sol
1180 801 1393 877 capite
1408 801 1667 863 radiato
1692 809 1874 864 stam

375 906 444 961 d.
484 903 694 975 elata,
739 921 794 963 a.
824 902 1103 981 qlobnm.
1151 900 1291 959 AR.
1329 900 1464 960 ΑΕ.
1501 901 1551 960 Ι.

655 1002 837 1062 ῙΜΡ.
899 1000 1091 1069 SEV.
1160 1001 1603 1063 ALEXAND.
1661 997 1870 1067 AVG.

649 1102 911 1169 1VL1A.
985 1102 1388 1164 MAMAEA.
1450 1089 1654 1170 Avo.
1708 1100 1873 1161 MA-

661 1206 866 1267 TER.
904 1203 1108 1271 AVG.
1157 1205 1384 1285 Capita
1418 1209 1690 1266 adversa
1719 1205 1873 1266 Ale-

655 1308 901 1367 zaudo-z·
930 1317 999 1367 et
1031 1311 1389 1369 Mamaeae.

372 1344 448 1469 P.
510 1408 603 1469 M.
664 1409 811 1468 ¹111.
870 1408 944 1467 Ρ.
1003 1408 1215 1474 V1111.
1258 1405 1451 1471 COS.
1515 1406 1627 1466 111.
1670 1403 1746 1465 Ρ.
1790 1405 1866 1465 P.

364 1512 728 1588 Imperator
742 1511 968 1570 sedens
985 1510 1867 1582 d.V2ct0nolams.l1astam

374 1622 721 1676 coronatur
763 1631 808 1670 a
867 1609 1153 1670 Victoria
1195 1620 1363 1671 retro
1416 1619 1664 1683 stante,
1717 1617 1872 1671 ante

372 1717 559 1787 illum
568 1716 782 1794 fiqura
810 1711 1115 1771 militaris
1142 1721 1359 1772 tenens
1378 1714 1665 1790 clypeam
1682 1729 1871 1789 super

368 1817 748 1887 columella,
790 1813 898 1873 eui
913 1813 1283 1891 inscriptum
1302 1808 1511 1879 VOT.
1524 1810 1606 1870 X.
1626 1811 1767 1873 ΔΕ.
1784 1811 1869 1873 11.

375 1920 578 1995 (Mus.
624 1916 847 1994 Caes.)

502 2017 838 2090 Similem,
893 2013 1012 2077 sed
1062 2032 1211 2075 eum
1269 2015 1410 2075 TR.
1444 2013 1522 2077 Ρ.
1566 2011 1742 2081 vm.
1795 1998 1868 2075 et

352 2117 513 2180 ΑΕ.
556 2118 606 2181 1.
649 2117 888 2183 recitat
925 2113 1338 2185 Vaillantius.

1092 2215 1130 2254 a

926 2258 971 2299 a
1258 2257 1300 2298 a

666 2322 752 2382 Vt
786 2322 883 2383 lit.
920 2324 999 2381 D.

371 2420 822 2488 VICTORIA.
849 2422 1259 2490 AVGVSTI.
1314 2420 1604 2485 Victoria
1643 2428 1867 2501 tenens

374 2524 846 2605 clypeum,‘eui
885 2528 1302 2607 inscriptum-e
1339 2522 1554 2596 VOT.
1601 2519 1683 2584 X.
1720 2521 1865 2585 AR.

374 2628 576 2708 (Mus.
607 2625 828 2706 Caes.)

720 2829 794 2888 V.
842 2826 903 2887 C.
945 2819 1094 2891 984.
1137 2831 1210 2889 Ρ.
1255 2831 1340 2892 Χ.
1381 2834 1531 2892 231.

497 2933 629 2997 ΤΒ.
668 2930 738 2993 Ρ.
784 2929 870 2993 Χ,
916 2929 1092 2991 COS.
1134 2930 1262 2992 111.
1307 2933 1381 2992 Ρ.
1426 2935 1516 2994 M.
1560 2932 1634 2994 Ρ.
1677 2931 1756 2995 P.

404 3061 409 3064 Α
499 3035 717 3097 Ciuica
750 3033 1139 3113 Pompeiano
1157 3075 1175 3108 ,
1218 3035 1601 3115 Peh’ym‘auo
1634 3053 1761 3097 cas.

499 3235 901 3299 Artaxerxes
930 3237 1134 3298 Persa
1159 3235 1339 3299 victo
1369 3232 1703 3298 Artabano
1743 3236 1867 3296 Ar-

376 3334 739 3399 sacidarum
816 3351 1155 3422 postremo
1229 3337 1596 3411 Parthiam,
1668 3357 1863 3420 quam

376 3449 526 3521 post
583 3436 774 3499 Darii
827 3436 1059 3508 clades
1109 3436 1486 3500 Alexander
1530 3439 1619 3498 M.
1649 3435 1865 3516 „dein

294 3615 307 3623 ς
376 3537 777 3623 aliquamdiu
809 3537 951 3622 ejus
988 3558 1407 3603 successores
1449 3536 1863 3611 Seleucidae,

377 3637 658 3723 denique
694 3639 794 3701 his
825 3639 1054 3721 ejectis
1085 3641 1434 3704 Arsacidae
1463 3639 1692 3703 Parthi
1722 3641 1867 3723 plu-

371 3740 558 3804 ribus
596 3739 878 3803 saeculis
912 3755 1226 3820 tenuere,
1269 3742 1493 3805 Persis
1536 3755 1688 3832 post
1725 3742 1868 3803 lon-

377 3862 532 3926 gum
563 3841 1258 3910 intervallumiterum
1292 3843 1587 3926 subjicite
1636 3844 1735 3906 Ea
1770 3843 1868 3907 fe-

374 3944 633 4009 licitate„
683 3944 894 4007 elatus
942 3945 1074 4028 jam
1121 3945 1273 4007 inde
1329 3966 1366 4008 a
1416 3945 1687 4009 biennio
1733 3949 1870 4010 Ro-

372 4047 582 4114 manis
612 4045 769 4128 ipsis
790 4045 1067 4109 infestus
1099 4066 1362 4109 omnem
1392 4047 1651 4125 Asiam,
1696 4068 1866 4133 quae

375 4147 458 4214 ad
496 4167 571 4211 se
608 4146 782 4211 avito
823 4149 971 4231 jure
1003 4149 1411 4232 pertineret,
1455 4150 1731 4213 tentavit
1765 4168 1868 4212 re·

374 4269 641 4339 petere,
718 4251 1102 4334 bellumque
1172 4248 1763 4335 Mesopotamiae,‘
1788 4269 1865 4314 ac

374 4355 604 4437 syriae
653 4354 889 4419 minari
932 4351 1014 4435 ¹²).
1076 4352 1459 4438 Desperatis
1494 4352 1675 4435 pacis
1711 4372 1868 4417 con·

3248 415 3257 422 ’
3322 408 3468 505 27'3

1990 593 2154 657 siliis
2172 594 2548 658 Alexander
2563 616 2756 661 0anno
2787 612 3135 683 praesente
3155 645 3173 678 ,
3217 615 3292 666 ut
3323 624 3481 672 mox

1984 694 2272 780 probare
2342 697 2772 777 contendam,
2843 701 3329 784 prosectionem
3381 708 3478 770 -in

1983 800 2223 863 Persas
2268 798 2562 881 suscipit.

2110 902 2257 962 Non
2277 921 2406 961 una
2441 915 2540 963 est
2559 901 2952 988 scriptorum
2976 908 3319 986 sententia,
3346 933 3482 999 quo
3583 916 3596 923 “

1984 1019 2154 1063 anno
2184 1001 2563 1066 Alexander
2598 1006 2767 1087 Aug.
2801 1005 2870 1065 in
2903 1007 3141 1071 Persas
3177 1012 3480 1081 exiverit.

1983 1105 2152 1166 Ante
2197 1122 2427 1164 omnes
2480 1106 2882 1187 aspernanda
2933 1127 3046 1183 ea,
3106 1131 3297 1194 quam
3347 1118 3482 1179 He·

1981 1202 2520 1283 rodianusretsi
2570 1227 2892 1284 coaevus,
2941 1210 3293 1290 obtrudit,
3335 1214 3481 1279 bel-

1982 1304 2121 1368 lum
2156 1302 2332 1368 istud
2386 1327 2556 1370 anno
2605 1308 3087 1379 demum-XIV.
3120 1315 3478 1382 Alexandri

1984 1406 2316 1491 erupisse,
2379 1409 2492 1493 qui
2553 1422 2772 1472 tamen
2820 1412 3045 1495 paullo
3099 1414 3296 1476 altius
3324 1420 3482 1483 Ale·

1964 1510 2301 1572 ‘xandrum
2360 1509 2545 1572 annis
2594 1532 2728 1572 non
2791 1514 3073 1595 amplius
3130 1515 3303 1584 XIV,
3360 1520 3485 1582 im-

1982 1630 2252 1695 perasse
2284 1611 2580 1693 scripsit,
2627 1633 2712 1674 ex
2747 1634 2882 1697 quo
2908 1631 3300 1699 sequeretur
3327 1640 3479 1704 pro·

1981 1711 2341 1775 sectionem
2369 1710 2437 1773 in
2474 1714 2746 1790 Persas,
2791 1713 3041 1778 bellum
3081 1718 3346 1801 ipsum,⁴
3374 1741 3481 1786 re-

1984 1814 2194 1875 ditum
2240 1817 2562 1889 Romam,
2625 1814 3027 1898 triumphum
3086 1817 3170 1881 de
3231 1800 3478 1901 Persis,

1982 1928 2361 1997 apparatum
2411 1914 2573 1976 belli
2610 1913 3016 1992 Germanici,
3081 1918 3224 2003 ejus
3269 1921 3476 2004 ipsam

1982 2015 2505 2099 expeditionem,
2562 2015 2846 2100 denique
2903 2038 3135 2082 necem
3197 2024 3481 2086 Alexan·

1981 2119 2084 2181 dri
2119 2119 2286 2180 intra
2320 2116 2512 2178 unius
2549 2117 2699 2178 anni
2730 2122 3059 2202 angustias
3098 2119 3303 2185 fuisse
3325 2144 3477 2208 per·

1979 2235 2141 2282 acta.
2229 2222 2335 2281 Ex
2382 2219 2866 2281 recentioribus
2918 2223 3158 2303 Pagina
3219 2224 3474 2289 bellum

1977 2320 2105 2383 hoc
2165 2322 2294 2405 jam
2358 2340 2525 2383 anno
2583 2321 2667 2387 V.
2736 2322 2807 2383 C.
2866 2320 2983 2403 981
3048 2323 3315 2388 inchoat
3364 2325 3473 2404 ¹²),

1976 2424 2093 2486 sed
2146 2421 2405 2484 abunde
2455 2422 2511 2482 is
2570 2420 2896 2485 refutatur
2944 2447 2981 2487 a
3041 2425 3295 2503 Dione,
3359 2428 3473 2512 qui

1977 2543 2126 2585 cum
2176 2522 2349 2586 facta
2412 2524 2562 2585 anni
2613 2526 2695 2590 V.
2747 2525 2818 2587 C.
2881 2525 3002 2606 982
3061 2542 3472 2605 recenseret,

1977 2623 2213 2707 quibus
2268 2622 2508 2686 deinde
2555 2637 2765 2703 totum
2819 2646 3008 2687 suum
3051 2648 3217 2711 opus
3259 2629 3477 2693 absol-

1974 2726 2108 2800 vit,
2155 2726 2369 2788 solum
2414 2747 2614 2810 prava
2661 2727 3044 2789 Artaxerxis
3079 2728 3371 2805 consilia,
3406 2746 3476 2795 et

1974 2826 2381 2890 imminentia
2444 2827 2525 2890 ab
2596 2829 2723 2892 hoc
2786 2829 3099 2892 Romanis
3149 2829 3471 2914 pericula,

1978 2929 2262 2993 necdum
2313 2948 2476 2992 vero
2522 2929 2773 2995 bellum
2817 2930 2949 3015 jam
2997 2945 3134 2995 tum
3184 2946 3468 3016 gestum,

1978 3030 2156 3118 quod
2187 3051 2341 3094 sane
2373 3054 2503 3096 non
2531 3034 2931 3110 reticuisset,
2977 3021 3473 3098 commemorat.

1976 3132 2288 3211 Accedit,
2336 3134 2514 3217 quod
2545 3137 2699 3198 satis
2735 3155 2817 3196 ex
2851 3136 3206 3218 postremis
3233 3136 3474 3200 Dionis

1976 3234 2201 3297 verbis
2267 3250 2571 3312 constet,
2629 3226 3073 3298 Alexandrum
3136 3236 3351 3320 ipsum
3395 3259 3471 3300 ae

1978 3335 2432 3420 praetorianos
2477 3335 2745 3397 ineunte
2796 3356 2964 3398 anno
3014 3336 3180 3418 982,
3226 3349 3293 3398 et
3338 3356 3472 3398 ma·

1975 3435 2127 3518 jore
2155 3433 2370 3498 adhue
2404 3436 2545 3520 ejus
2576 3451 2761 3520 parte
2778 3438 3030 3499 Romae
3062 3436 3269 3499 fuisse
3284 3456 3476 3520 prae-

1980 3550 2219 3600 sentes.
2305 3537 2808 3614 Tillemontius,
2873 3538 2985 3622 qui
3042 3538 3230 3622 Pagii
3275 3538 3474 3601 etiam

1980 3637 2369 3727 sententiam
2433 3639 2834 3723 argumentis
2889 3637 3052 3702 ‘aliis
3110 3639 3473 3731 impugnat,

1979 3740 2144 3803 belli
2192 3739 2451 3803 initium
2500 3741 2583 3802 ad
2633 3762 2870 3803 annum
2921 3743 3000 3806 V.
3054 3743 3128 3804 C.
3177 3741 3302 3822 985
3359 3743 3474 3804 vel

1979 3843 2104 3922 1586
2143 3842 2330 3927 figit,
2374 3841 2489 3904 sed
2535 3855 2601 3904 et
2646 3833 2821 3905 hunc
2868 3842 3321 3906 verisimiliter
3352 3841 3476 3905 tat-

1979 3946 2070 4022 li,
2115 3963 2271 4007 mox
2313 3942 2675 4006 ostendam.
2737 3942 3204 4007 mediobarbus
3233 3962 3479 4007 annum

1978 4050 2061 4117 V.
2107 4046 2178 4110 C.
2225 4045 2350 4127 <383
2412 4043 2814 4129 praeh'ahet,
2880 4066 3002 4112 cut·
3039 4043 3263 4120 istud,
3320 4064 3475 4108 cum

1981 4170 2241 4215 causam
2273 4168 2406 4211 non
2449 4146 2681 4221 addat,
2728 4141 2985 4231 ignoro.
3060 4147 3233 4209 Sane
3264 4146 3472 4221 numi,

1981 4269 2146 4335 quos
2184 4250 2265 4313 ad
2304 4250 2480 4312 hunc
2522 4269 2757 4310 annum
2800 4246 3070 4322 recitat,
3115 4247 3285 4309 illud
3321 4249 3470 4309 nul-

1978 4351 2237 4416 latenus
2253 4347 2673 4437 persuadent.
2714 4348 2846 4445 Qui
2861 4349 3309 4414 inscribuntur
3320 4348 3474 4412 sim·

358 4609 564 4734 ¹a)·l)·io
577 4611 646 4716 1..
661 4603 900 4712 LXXX.
918 4656 965 4726 ᾗ.
982 4609 1104 4718 3.-4.
1123 4642 1681 4730 HerodianLaznpr.
1724 4647 1793 4724 b)
1807 4648 2051 4711 Dissert.
2075 4648 2219 4730 hyp.
2233 4669 2293 4729 p.
2315 4649 2441 4718 176.
2459 4667 2581 4727 seq.
2597 4655 2654 4710 et
2672 4646 2817 4710 Crit.
2837 4641 3048 4709 Bai-on,
3068 4648 3146 4705 ad
3164 4649 3326 4724 hunc
3341 4671 3476 4710 ann.

570 4766 749 4846 (Vol.
802 4764 978 4844 VH.)

2894 4760 3060 4820 Mm
