4652 5937
1166 415 1262 502 &6

1170 596 1495 674 racallae,
1542 598 1664 659 etsi
1691 550 1819 682 iam
1865 597 2180 682 Augusti,
2224 594 2506 681 legitur:
2542 596 2662 666 lv-

1171 699 1492 769 VENTA.
1539 700 1899 763 IMPERII.

1870 411 1965 503 Μ.
2075 408 2687 486 AVREles

1896 886 1936 925 *

2063 929 2102 969 ὖ

1456 990 1702 1049 Eadem
1732 931 2042 1052 *adver-m.
2136 1014 2147 1029 Σ

1174 1087 1515 1167 PJETAS.
1550 1087 1749 1154 AVG.
1788 1094 2216 1152 Instrumenta
2237 1089 2660 1169 pontificalia.

1174 1189 1315 1250 AR.
1350 1189 1487 1249 AE.
1523 1192 1573 1253 1.
1615 1193 1694 1252 ΙΙ.
1740 1190 2015 1263 Obyius.

1298 1295 1483 1354 Haec
1544 1311 1772 1354 aversa
1845 1313 2019 1355 nune
2078 1290 2363 1375 primum
2423 1289 2493 1350 in
2548 1310 2670 1351 nu·
2725 1316 2734 1322 ·

1175 1393 1331 1456 miss
1376 1394 1635 1455 Aurelii
1708 1393 2043 1469 Caesaris,
2141 1405 2243 1454 at·
2281 1392 2669 1474 frequenter

1175 1494 1486 1580 deinceps
1545 1496 1612 1556 in
1687 1494 1901 1556 numis
1963 1494 2314 1577 Caesarum
2377 1491 2668 1557 nondum

1171 1598 1617 1679 Augustorum
1666 1607 1891 1678 typum
1939 1593 2118 1657 facit.
2179 1593 2341 1675 Ejus
2387 1590 2667 1653 instituti

1176 1696 1343 1756 ratio
1408 1695 1560 1758 inde
1624 1695 1705 1756 ab
1754 1697 2044 1777 Augusto
2089 1691 2481 1776 repetenda,
2554 1692 2669 1775 qui

1174 1792 1494 1877 adoptatis
1530 1797 1687 1859 Caio
1732 1810 1799 1858 et
1835 1797 2083 1872 Lucio,
2138 1795 2458 1877 novisque
2507 1794 2666 1856 Cae-

1171 1895 1446 1971 saribus,
1482 1896 1660 1959 varia
1694 1896 2059 1960 sacerdotia
2079 1896 2411 1973 decrevit3
2459 1913 2665 1978 quare

1166 2011 1237 2061 et
1286 1998 1352 2058 in
1390 2017 1540 2059 area
1574 2017 1920 2060 numerum
1959 2000 2096 2066 AV.
2150 2010 2215 2059 et
2255 1998 2393 2059 AR.
2429 1995 2665 2057 utrius-

1174 2118 1303 2182 que
1329 2097 1568 2161 honori
1603 2099 2075 2177 dedicatorum,
2119 2099 2186 2161 in
2219 2098 2454 2182 quibus
2490 2112 2665 2159 stans

1172 2214 1451 2284 uterque
1514 2201 1941 2284 proponitur,
2019 2200 2376 2264 adhaerent
2440 2200 2664 2274 lituus,

1175 2290 1244 2365 et
1291 2303 1704 2386 simpuvium.
1781 2302 1964 2364 Idem
2015 2302 2382 2364 institutum
2429 2298 2498 2360 in
2539 2302 2668 2360 Ne·-

1168 2424 1337 2467 rone
1406 2423 1669 2489 quoque
1719 2402 1958 2477 valuit,
2037 2402 2148 2485 qui
2222 2401 2563 2486 adoptatus
2628 2420 2666 2460 a

1174 2503 1482 2589 Claudio,
1528 2503 1752 2586 paullo
1796 2517 1945 2587 post
1988 2508 2287 2566 sacerdos
2334 2512 2666 2580 cooptatus

1171 2616 1273 2668 est
1303 2609 1372 2667 in
1408 2608 1624 2668 omnia
1657 2608 1950 2686 conleyia
1984 2627 2179 2685 snpra
2220 2625 2547 2667 numerum
2581 2623 2666 2664 ex

1170 2708 1244 2768 S.
1263 2709 1324 2768 C.
1343 2750 1360 2781 ‚
1396 2696 1674 2791 suntque
1698 2705 2125 2768 instrumenta
2155 2703 2550 2790 pontificalia
2571 2716 2667 2783 ty·

1168 2827 1293 2889 pus
1311 2829 1657 2869 numorum
1678 2807 1771 2870 sic
1787 2806 2275 2890 inscriptorum.
2315 2808 2419 2866 Ex
2438 2803 2666 2866 eadem

1169 2907 1326 2991 lege
1346 2900 1685 2970 Aurelium
1724 2918 1792 2970 et
1811 2911 2139 2970 Caesarem
2172 2910 2430 2980 dictum,
2474 2915 2539 2966 et
2552 2909 2669 2982 ju-

1171 3012 1355 3096 bente
1407 3020 1633 3072 senatu
1685 3013 1755 3069 in
1800 3012 2074 3089 colleyia
2100 3057 2103 3060 .
2128 3012 2526 3070 sacerdotum
2573 3026 2669 3067 re-

1170 3121 1416 3190 ceptum
1452 3187 1453 3194 ἵ
1490 3109 1688 3173 tradit
1744 3110 2188 3192 Capitolinus,
2233 3128 2546 3193 quorsum
2599 3118 2668 3181 et

1177 3222 1427 3295 spectat
1457 3224 1647 3295 typus
1680 3231 2026 3273 numorum
2058 3210 2524 3293 praesentium.

1212 3297 1218 3393 s
1296 3312 1496 3374 Numi
1556 3311 1880 3374 ad·“hune
1925 3333 2164 3374 annum
2218 3310 2534 3396 descripti
2585 3310 2667 3373 ad

1177 3413 1546 3497 proximum
1587 3416 1782 3479 etiam
1815 3411 2170 3476 triennium
2195 3413 2550 3498 pertinent.

1520 3607 1594 3664 V.
1645 3603 1706 3662 e.
1753 3578 2015 3667 897JP.
2063 3603 2148 3662 x.
2196 3608 2337 3664 m.

1455 3705 1813 3765 CAESAR.
1863 3706 2044 3768 cos,
2092 3703 2282 3764 DES.
2328 3702 2420 3763 Π.

1298 3860 1447 3941 Ipse
1478 3856 1547 3918 in
1577 3877 1815 3919 annum
1852 3869 2237 3942 sequentum
2276 3858 2507 3948 consul
2538 3860 2620 3922 11.
2641 3904 2658 3935 ‚

1173 3973 1359 4045 pater
1388 3960 1753 4024 Antoninus
1795 3959 2027 4024 consul
2061 3960 2171 4027 IV.
2218 3957 2660 4047 designantur.

1350 4213 1351 4216 ,
1454 4146 1919 4213 AVRELIVS.
2009 4145 2371 4209 CAESAR.
2459 4146 2661 4214 AVG.

1352 4263 1363 4271 “
1454 4247 1593 4308 PII.
1637 4250 1713 4309 F.
1779 4252 1976 4325 Caput
2015 4250 2271 4328 nudum.

1178 4345 1369 4429 COS.
1404 4347 1602 4411 DES.
1644 4349 1728 4413 11.
1799 4352 1915 4409 Vir
1959 4359 2215 4428 loqutus
2257 4358 2439 4409 stam
2471 4352 2532 4408 d.
2566 4368 2670 4409 ra-

1177 4468 1370 4523 mum,
1412 4469 1463 4510 a.
1496 4452 1935 4528 cornucopiae.
1978 4449 2116 4510 AR.
2152 4450 2354 4526 (Mus.
2377 4448 2593 4530 Caes.)

1302 4551 1527 4632 Typus
1559 4549 1827 4613 exhibet
1858 4554 2214 4620 Honorem.
2261 4546 2343 4610 de
2386 4568 2517 4633 quo
2568 4570 2671 4611 su·

1170 4641 1319 4734 pra·
1378 4650 1530 4714 Huc
1547 4663 1797 4735 spectat
1818 4670 2059 4716 aeneus
2094 4652 2142 4713 1.
2168 4648 2435 4714 *formae
2461 4651 2673 4716 musei

2789 405 3544 489 ANTONINVS.

2778 593 3081 657 Caesarei
3100 616 3248 659 cum
3282 594 3514 656 eodem
3537 606 3712 676 typo,
3745 604 3823 653 et
3865 581 4348 667 inscriptione

2776 695 3085 778 hybrida:
3141 696 3496 760 DESNOS
3523 739 3540 771 ‚
3622 688 4022 755 monetarii
4098 684 4349 747 incurii

2777 799 2939 861 vitio
2974 802 3331 883 concepta,
3378 784 3486 882 qui
3536 816 3682 858 cum
3721 794 4081 875 scalpere
4127 788 4352 847 inten-

2781 898 2969 961 deret
3013 900 3209 962 DES.
3257 900 3376 974 11.‚
3437 895 3648 958 finivit
3698 902 3928 979 prave
4007 892 4092 951 in
4140 886 4352 961 NOS,

2778 1020 2943 1085 quae
2980 1015 3128 1062 sunt
3158 1014 3528 1084 postremae
3561 997 3793 1059 literae
3824 1019 3925 1055 ru
3969 989 4357 1054 HONOS.

2777 1103 2879 1162 Ex
2911 1122 3039 1184 quo
3083 1114 3384 1185 apparet,
3429 1121 3665 1164 annum
3705 1107 4200 1181 praesentem
4259 1091 4357 1151 lu-

2777 1202 2910 1265 xati
2940 1202 3131 1286 hujus
3164 1202 3345 1265 numi
3380 1201 3658 1264 natalem
3697 1219 3865 1263 esse.
4041 1202 4089 1218 “’

3115 1426 3195 1487 V.
3245 1426 3306 1486 C.
3354 1431 3503 1487 898.
3543 1422 3615 1482 P.
3664 1423 3745 1482 X.
3796 1427 3958 1482 145.

3173 1527 3533 1588 CAESAR.
3580 1525 3755 1585 COS.
3800 1523 3891 1584 ΙΙ.

2780 1727 2860 1790 A.
3062 1727 3527 1794 AVRELIVS.
3614 1723 4003 1789 CAESAR.
4120 1713 4350 1786 AVG.

3062 1830 3200 1891 PII.
3236 1831 3308 1890 F.
3333 1828 3522 1892 COS.
3542 1830 3623 1891 11.
3677 1830 3877 1906 Caput
3908 1826 4246 1887 nudum.

2780 1931 2857 1993 B.
3059 1930 3520 1996 AVRELIVS.
3612 1929 3987 1992 CAESAR.
4113 1921 4346 1988 AVG.

2889 2078 2894 2081 -
3060 2034 3199 2093 ΡΠ.
3245 2031 3320 2091 F.
3381 2033 3584 2110 Caput
3615 2036 3879 2093 nudum.

2783 2135 2853 2198 C.
3058 2131 3520 2198 AVRELIVS.
3584 2132 3829 2198 CAES.
3890 2128 4134 2199 AVG.
4190 2118 4343 2188 ΡΠ.

3005 2220 3144 2297 ...F.
3194 2238 3396 2314 Caput
3417 2239 3675 2298 nudum.

3343 2460 3384 2498 s
3509 2417 3549 2456 ⁴⁵
3674 2464 3712 2500 ι

3071 2524 3154 2582 Vt
3193 2523 3289 2583 lit.
3333 2524 3405 2579 B.

2777 2619 3089 2683 COS.11.
3153 2623 3322 2700 typis
3365 2623 3692 2695 Palladis,
3754 2624 4085 2696 Honoris,
4145 2621 4327 2697 Spei

2782 2732 2898 2784 etc.
2942 2722 3079 2788 AV.
3130 2722 3267 2785 AR.
3314 2721 3514 2800 (Mus.
3568 2722 3858 2800 Caesar.)

3073 2824 3156 2882 Vt
3197 2826 3293 2884 lit.
3324 2827 3407 2885 A.

2782 2923 3258 2990 IVVENTVS.
3304 2923 3370 2987 S.
3417 2924 3488 2986 C.
3534 2926 3708 2985 intra
3753 2944 4072 2988 coronam.
4153 2925 4322 2988 AE.‘

2783 3027 2866 3089 11.
2913 3026 3118 3105 (Mus.
3162 3025 3378 3106 Caes.)

2906 3126 3431 3212 Explicationem
3453 3146 3721 3192 aversae
3754 3124 3905 3189 vide
3932 3126 4014 3190 ad
4034 3145 4302 3190 annum

2779 3232 2860 3298 V.
2907 3232 2978 3293 C.
3023 3228 3168 3310 8q3.
4297 3216 4318 3223 ’

2793 3407 2806 3412 J
3065 3335 3151 3392 Vt
3192 3333 3288 3394 lit.
3324 3335 3407 3392 A.

2785 3432 2851 3491 S.
2899 3427 2970 3493 C.
3049 3435 3136 3492 M.
3165 3434 3470 3493 Aurelius
3501 3434 3573 3492 in
3606 3434 3797 3493 lentis
3830 3436 4177 3516 qrcadriye's
4223 3435 4292 3490 ei.

2781 3536 3128 3609 scipionem
3147 3553 3288 3595 cum
3303 3534 3547 3614 aquila.
3596 3532 3732 3593 AE.
3753 3535 3801 3595 1.
3832 3534 4032 3613 (Mna.
4053 3534 4288 3611 Caes.)

2909 3632 3240 3698 Iudicatur
3298 3633 3425 3695 hoe
3483 3646 3638 3716 typo
3688 3636 3777 3696 M.
3823 3634 4077 3695 Aurelii
4120 3657 4290 3718 pro-

2781 3752 3004 3798 cessus
3037 3734 3419 3798 consularis.

2831 3819 2842 3836 ‘
2909 3829 2916 3836 ’
3077 3841 3160 3897 Vt
3199 3840 3295 3896 let.
3340 3840 3403 3898 ο.

2775 3938 3122 4006 VIRTVS.
3153 3937 3341 4001 COS.
3359 3939 3445 4000 11.
3486 3909 3730 4019 fiiqura
3757 3942 4065 4001 militaris
4091 3951 4281 4000 stans

2774 4046 2844 4103 d.
2873 4045 3140 4113 kastam,
3179 4061 3228 4102 a.
3250 4044 3697 4132 paraqom’um
3736 4061 3788 4100 a.
3815 4045 3979 4119 pede
4003 4044 4273 4120 yaleam
4317 4091 4322 4092 ff

2778 4146 3006 4204 calcat.
3050 4142 3188 4203 AR.
3218 4140 3355 4202 AE.
3395 4142 3475 4203 11.
3511 4143 3718 4221 (Mus.
3749 4141 3984 4224 Caes.)

2835 4287 2864 4303 -,
2911 4241 3304 4325 Iungendus
3330 4263 3565 4306 numus
3606 4262 3754 4305 cum
3801 4244 4011 4316 altero
4043 4244 4277 4310 inscri-

2783 4360 2927 4430 pto:
2989 4345 3333 4420 HONOS,
3392 4363 3606 4430 quem?
3646 4346 3963 4427 proposui
4026 4346 4105 4408 ad
4163 4368 4275 4409 an-

2785 4468 2939 4510 num
2977 4444 3062 4512 V.
3100 4448 3169 4509 C.
3205 4444 3357 4527 893.
3839 4459 3846 4464 ’

3076 4551 3160 4610 Vt
3196 4551 3291 4609 lit.
3325 4550 3410 4610 A.

2789 4649 3057 4716 VOTA.
3090 4650 3486 4717 PVBLICA.
3500 4653 3849 4730 JAurelt'us
3877 4661 3941 4712 ee
3958 4655 4267 4714 Faustina
