4652 5937
1104 346 1754 458 PRINCIPES
1798 382 2504 487 ‚PALMYRAE

918 556 1101 653 §211

450 730 455 735 ·
493 702 593 767 Do
624 705 979 769 Vahalatao
1009 716 1075 767 et
1098 698 1567 770 Athenodoro?

392 862 810 933 Froelichius
843 885 910 933 et
928 872 1350 948 Pellerinius,
1399 893 1543 936 cum
1575 870 1753 937 vide-

234 985 420 1034 rent
471 971 900 1038 Vabaiathum
958 976 1169 1036 numis
1222 975 1321 1036 his
1372 975 1751 1058 inscriptum

234 1075 328 1134 in
383 1074 530 1138 aliis
597 1075 726 1137 dici
774 1080 1198 1139 Vabalatlmm
1262 1082 1752 1151 Athenodorum,

239 1177 428 1254 (Lit.
462 1178 545 1257 1.)
594 1177 660 1236 in
710 1176 853 1238 aliis
897 1182 1322 1241 Vabalathum
1363 1181 1755 1242 Athenodori

242 1282 337 1339 F.
370 1321 389 1353 ,
433 1278 591 1340 item
618 1279 683 1340 in
720 1278 865 1340 aliis
898 1276 1115 1350 ATT.
1135 1280 1216 1340 K.
1247 1278 1432 1342 ΟΕΒ.
1457 1324 1473 1356 ,
1521 1280 1584 1339 in
1611 1280 1753 1340 aliis

237 1391 512 1440 tantum
560 1376 815 1464 ATT„
873 1400 1128 1442 rursum
1192 1381 1259 1440 in
1315 1382 1457 1442 aliis
1516 1402 1754 1466 propo-

240 1480 334 1553 ni
399 1480 567 1546 facie
627 1482 941 1566 puerili,'
980 1485 1045 1544 in
1104 1485 1245 1545 aliis
1310 1483 1605 1556 barbata,
1684 1484 1752 1543 in

239 1581 369 1642 his
406 1584 619 1665 capite
665 1586 996 1662 laureato,
1041 1585 1293 1651 inillis
1331 1585 1623 1648 laureato
1657 1585 1754 1644 si-

243 1683 405 1745 mul
470 1699 536 1747 et
586 1685 1001 1767 diademat02
1070 1689 1383 1769 suspicari
1441 1694 1748 1770 coepere,

248 1784 434 1849 duos
472 1793 848 1853 statuendos
882 1792 1312 1865 Vabalathos,
1376 1790 1749 1873 inter'quos

248 1888 603 1954 dividendi
646 1909 864 1955 essent
894 1895 1087 1955 numi*
1114 1892 1451 1954 Vabalathi
1490 1895 1752 1953 nomine

248 1990 584 2075 inscripti.
706 1995 983 2075 Conjicit
1058 1995 1259 2076 igitur
1315 1976 1752 2067 Froelichius‚

235 2094 502 2156 ‘horum
539 2116 733 2155 unum
771 2094 971 2156 fuisse
1021 2099 1444 2177 Vabalathum
1482 2099 1755 2157 Atheno-

248 2200 487 2258 dorum
539 2195 870 2258 Odenathi
921 2195 1128 2256 filium
1179 2195 1510 2256 Zenobiae
1559 2195 1758 2277 privi-

589 2299 771 2377 cujus
847 2296 1111 2359 nomine
1171 2296 1528 2358 Zenobiam
1586 2317 1756 2358 sum·

258 2398 479 2479 psisse
510 2398 858 2480 imperium
876 2398 1084 2459 refert
1103 2399 1447 2479 Vopiscus„
1470 2413 1535 2461 et
1557 2420 1752 2483 quem
1804 2427 1810 2435 ¹

255 2318 500 2378 gnum,

257 2495 553 2559 offerunt
584 2502 759 2561 numi
808 2500 927 2562 sub
962 2503 1011 2563 1.
1050 2500 1398 2581 descripti,
1447 2513 1515 2562 et
1550 2504 1750 2565 alium

254 2600 455 2682 hujus
501 2601 753 2678 filium,
824 2622 1017 2683 quem
1075 2614 1309 2665 vocant
1361 2607 1540 2666 numi
1596 2609 1755 2666 Her-

203 2713 212 2719 “
252 2707 457 2765 utiam
491 2705 736 2786 (potius
757 2705 1087 2784 Sros'am)‚
1122 2707 1544 2769 Vabalathum
1565 2710 1754 2768 Athe-

255 2810 489 2869 nodori
548 2809 615 2866 F.
676 2806 847 2888 patri
919 2806 982 2865 in
1055 2805 1336 2885 imperio
1412 2807 1748 2881 sociatum,

264 2910 657 2990 quocunque
718 2907 784 2967 id
826 2892 1129 2972 auctore
1171 2908 1454 2971 factum.
1571 2908 1751 2972 Patri

256 3007 425 3071 adeo
468 3009 849 3071 tribuendos
900 3031 1167 3086 numos,
1230 3011 1294 3096 in
1334 3011 1565 3094 quibus
1599 3032 1751 3094 pro-

263 3110 516 3174 vectior
579 3122 753 3170 aetas
816 3108 1168 3185 indicatur,
1231 3109 1401 3187 mio,
1470 3115 1538 3174 in
1610 3113 1750 3196 qui..

263 3213 385 3276 bus
417 3210 719 3296 puerilis.
803 3207 961 3268 Cum
1001 3210 1055 3268 F
1060 3208 1380 3271 roelichio
1414 3213 1561 3274 fere
1599 3233 1754 3275 con-

268 3316 462 3378 centit
494 3308 914 3375 Pelleriniuz.
988 3312 1201 3393 Atque
1234 3309 1394 3376 haec
1430 3332 1632 3397 pauca
1666 3333 1750 3374 ex

268 3416 620 3480 fusioribus
652 3413 990 3494 utriusque
1029 3414 1514 3475 commentariis
1559 3433 1749 3478 exce·

268 3519 437 3604 pisse
476 3514 786 3591 sufficiat,
832 3513 985 3597 quin
1033 3515 1283 3576 animus
1319 3515 1478 3575 mihi
1516 3516 1598 3576 sit
1635 3537 1750 3600 op-

146 3651 161 3656 ·
270 3621 583 3706 ponendi,
632 3639 795 3702 quae
838 3617 1037 3678 multa
1071 3618 1416 3680 adversum
1450 3638 1562 3696 ea,
1609 3619 1749 3703 qui·

266 3728 381 3789 bus
413 3724 800 3787 sententiam
857 3741 1036 3783 suam
1085 3719 1376 3781 stabilire
1430 3720 1745 3794 nituntur,

269 3839 532 3916 possent
577 3821 841 3906 opponi.
930 3820 1093 3881 Mihi
1126 3843 1279 3885 sane
1319 3822 1387 3882 in
1417 3822 1517 3884 his
1564 3835 1748 3884 tene-

275 3931 438 4005 bris,
484 3925 717 4011 quibus
751 3923 940 4005 hujus
964 3924 1194 3986 aetatis
1239 3924 1508 3987 historia
1543 3924 1747 4006 scrip·

274 4045 480 4094 torum
558 4028 717 4092 vitio
775 4027 1064 4100 laborat,
1138 4046 1424 4109 quasque
1493 4024 1745 4108 reperti

270 4135 575 4197 hactenus
623 4130 1163 4210 Palmyrenorum
1210 4128 1578 4213 principum
1631 4149 1746 4188 nu-

271 4238 357 4302 mi
389 4255 518 4297 non
566 4233 716 4296 satis
766 4231 1158 4314 dispellunt‚
1231 4231 1443 4293 omnis
1475 4229 1742 4291 nimium

273 4338 492 4404 sedula
528 4335 859 4418 inquisitio
906 4337 1219 4419 temporis
1266 4348 1334 4398 et
1365 4334 1629 4397 chartae
1657 4332 1747 4415 ja-

276 4454 448 4506 ctura
492 4437 786 4518 habetur.
858 4440 1115 4502 Eodem
1149 4440 1298 4503 loco
1335 4436 1615 4522 putanda
1641 4445 1744 4498 est

3204 412 3345 495 1195

1867 574 2242 655 conjectura
2276 574 2560 640 Corsinii
2581 621 2601 657 ,
2644 577 2756 665 q‘ui
2773 595 3172 660 censuerat,⁴
3195 579 3353 646 fuis·

1867 697 1938 739 se
1990 678 2419 742 Vabalathum
2473 680 2677 743 filium
2744 684 3042 747 Athenae
3107 698 3174 748 et
3232 684 3355 747 Ze·

1868 777 2104 853 nobiae
2134 823 2151 854 ,
2215 801 2381 863 quae
2443 802 2681 864 nempe
2715 768 2718 771 ¹
2747 782 2867 845 ino
2915 784 3224 848 defuncto
3267 784 3357 848 ai·

1870 881 2032 941 teris
2105 883 2346 963 nuptiis
2425 884 2777 949 Odenatho
2849 886 3221 949 adhaeserit.
3283 894 3353 971 ⁸).

1871 980 2049 1041 lstud
2125 1003 2320 1042 unum
2390 1005 2475 1047 ex
2549 985 2649 1045 his
2719 984 2973 1047 certum
3034 1001 3356 1064 tenemus,

1868 1082 2369 1149 Athenodorum
2437 1108 2511 1150 ac
2555 1085 2979 1157 Vabalathum
3024 1089 3357 1171 Palmyre-

1869 1207 1989 1248 nos
2027 1187 2229 1250 fuisse
2260 1187 2633 1271 principes,
2680 1201 2748 1252 et
2784 1208 2866 1252 ex
2905 1187 3237 1253 Odenathi
3265 1189 3358 1267 fa-

1868 1288 2067 1351 milia.

2417 1522 2424 1531 ,
2492 1458 2544 1532 §.
2589 1457 2699 1519 111.

1949 1578 2048 1638 De
2079 1598 2410 1640 nnmerum
2434 1580 2655 1641 horum
2688 1580 2917 1654 patria
2949 1590 3016 1642 et
3038 1590 3271 1644 aetate.

1992 1695 2240 1757 Numos
2304 1696 2494 1777 hujus
2552 1695 2860 1778 generis,
2926 1701 3036 1781 qui
3097 1697 3352 1761 Graece

1867 1809 2021 1856 sunt
2069 1796 2395 1879 inscripti,
2454 1818 2600 1859 esse
2635 1798 3112 1876 Alexandriae,
3173 1808 3356 1862 certe

1869 1896 1933 1955 in
1964 1897 2267 1977 Aegypto
2305 1918 2688 1979 percussos,
2734 1901 2934 1961 multa
2970 1900 3242 1974 docent,
3291 1911 3360 1962 et

1867 1997 2151 2078 primum
2209 1996 2476 2081 quidem
2537 1997 2814 2072 fabrica,
2873 2019 3037 2079 quae
3094 2000 3160 2058 in
3205 1999 3360 2060 Ale·

1869 2087 2217 2158 xandrinis.
2251 2118 2576 2181 nunquam
2626 2097 2833 2169 fallit,
2897 2095 3136 2160 deinde
3183 2100 3360 2181 quod
3442 2171 3454 2183 „

1869 2200 2019 2258 anni
2051 2199 2311 2281 imperii
2347 2200 2674 2261 adduntur
2718 2197 3008 2279 praefixo
3049 2199 3117 2259 rL
3170 2219 3357 2262 more
3468 2264 3470 2267 ,

1871 2298 2023 2361 inde
2065 2300 2144 2361 ab
2183 2300 2492 2382 Augusto·
2518 2300 2582 2360 in
2620 2320 2696 2362 ea
2737 2299 3012 2385 regione
3061 2312 3357 2384 recepto,

1869 2400 2153 2484 denique
2187 2404 2362 2484 quod
2392 2400 2750 2463 Aureliano
2789 2394 3153 2483 imperante
3192 2402 3358 2463 nulli

1870 2501 1992 2579 jam
2041 2504 2316 2585 amplius
2373 2502 2554 2563 numi
2604 2501 2842 2565 Graeci
2893 2517 3355 2587 praeterquam

1866 2604 1933 2664 in
1970 2610 2271 2687 Aegypto
2326 2603 2565 2684 signati
2611 2600 2779 2667 fiunt.
2862 2604 3208 2671 Vabalathi
3243 2626 3361 2667 nu·

1868 2727 2008 2768 mos
2046 2707 2347 2778 Latinos,
2397 2705 2505 2789 qui
2527 2710 2780 2767 comnia
2815 2706 3177 2767 Romanum
3211 2705 3357 2767 imi-

1868 2821 2117 2883 tantur,
2164 2806 2518 2869 verisimile
2560 2820 2661 2868 est
2691 2806 2979 2890 signatos
3007 2805 3208 2868 fuisse
3229 2806 3361 2868 An·
3423 2865 3440 2877 ,

1866 2910 2184 2985 tiochiae,
2236 2928 2426 2991 quam
2466 2908 2724 2970 stetisse
2762 2908 2828 2967 in
2872 2905 3205 2972 Zenobiae
3238 2927 3354 2992 po-

1862 3027 2095 3076 testate
2134 3031 2214 3090 ex
2256 3013 2519 3071 Zosimo
2566 3009 2894 3073 discimus.

1991 3116 2238 3176 Eorum
2260 3126 2534 3175 aetatem
2568 3110 2865 3193 inscripti
2887 3109 3181 3195 duplices
3204 3113 3357 3174 anni

1863 3212 2126 3294 imperii
2172 3226 2301 3272 tam
2358 3212 2977 3294 Aureliani„quam
3013 3202 3357 3300 Vabahthi

1861 3312 2166 3396 produnt.
2212 3311 2511 3377 Vidimus
2540 3312 2617 3370 in-
2645 3310 2765 3383 his,
2804 3332 3033 3371 annum
3059 3315 3363 3385 Aurelian,

1863 3413 1932 3475 ni
1972 3415 2032 3474 A
2067 3409 2379 3493 conjungi
2409 3430 2577 3472 anno
2611 3408 3023 3486 Athenodori
3055 3427 3121 3474 et
3148 3414 3354 3481 Vaba-

1863 3516 2024 3579 lathi
2052 3514 2110 3575 Δ
2133 3559 2149 3588 ,
2198 3528 2264 3576 et
2295 3532 2531 3575 annum
2567 3493 2975 3572 A‘urelianiB
3003 3532 3151 3574 cum
3184 3535 3351 3579 anno

1860 3610 2326 3690 Vabalathi'G,
2374 3626 2442 3675 et
2478 3608 2646 3675 sicI‘
2665 3632 2809 3674 cum
2845 3636 2905 3687 ς·,
2944 3611 3086 3675 etA
3113 3617 3350 3693 cumKZ.
3427 3687 3430 3692 ‚

1860 3718 2148 3781 Dubium
2197 3736 2330 3779 non
2376 3728 2517 3788 est,
2579 3713 2774 3776 etiam
2832 3735 3036 3778 annos
3090 3717 3352 3800 imperii

1858 3819 2201 3889 Vabalathi
2244 3817 2326 3881 ad
2367 3835 2615 3879 morem
2635 3816 3104 3899 Aegyptiorum
3145 3809 3349 3883 fuisse

1860 3936 2166 3998 exactos,
2245 3919 2341 3981 sic
2385 3933 2454 3980 ut
2510 3917 2582 3978 hi
2626 3916 2733 3982 die
2786 3902 3034 3983 XXIX(
3067 3921 3347 4003 Augusti

1822 4021 1825 4026 ’
1860 4023 2280 4087 iterarentur.
2326 4021 2510 4102 Ergo
2547 4019 2847 4101 quoniam
2872 4020 3209 4083 Aureliani
3241 4046 3349 4087 an.

1856 4147 1978 4187 nus
2023 4127 2114 4197 A,
2161 4139 2231 4187 ut
2286 4143 2405 4185 suo
2460 4122 2611 4184 loco
2662 4113 2973 4200 diximus,
3039 4123 3347 4190 currebat

1858 4221 2008 4291 ante
2042 4225 2310 4300 ¹dictum
2372 4222 2753 4286 diemsnni
2795 4219 3030 4292 V.,c.'
3061 4228 3223 4291 2023
3266 4219 3341 4289 P'.

1857 4330 1938 4392 X.
1992 4347 2150 4411 270,
2220 4348 2498 4391 necesse
2561 4340 2697 4402 est,
2763 4326 3003 4388 eodem
3081 4347 3342 4412 quoque

1855 4447 2158 4516 tempore
2218 4427 2486 4494 fluxisse
2550 4425 2894 4496 Vabalathi
2959 4448 3196 4498 annum
3227 4425 3350 4509 Δ,

274 4577 3349 4619 m

254 4679 255 4682 ’
332 4667 394 4736 ι)
432 4659 475 4722 1.·
514 4680 561 4719 c.
586 4669 659 4737 'p-
698 4667 788 4722 8³·
