4652 5937
188 3869 215 3880 Q

1113 524 1197 595 L.
1304 467 1956 595 SErTlmlvs
2057 517 2638 598 SEVERVS.

375 703 527 773 Vir
557 718 748 782 erat,
793 704 859 767 in
894 725 1026 791 quo
1062 704 1396 769 mediocre
1423 704 1629 783 nihil,
1671 706 1803 769 rir-

232 816 435 867 tutes
525 826 883 883 summae,
968 803 1125 871 vitia
1183 807 1513 884 enormia,
1604 822 1799 892 atque

240 905 468 968 etiam
520 907 749 980 illae,
812 908 1121 993 quoniam
1171 908 1439 971 modum
1501 910 1804 985 excessit,

237 1005 443 1067 vitiis
512 1010 906 1091 proximae.
990 1010 1079 1076 Vt
1128 1010 1382 1073 duriter
1428 1011 1571 1095 ipse
1623 1012 1803 1087 vixit,

240 1108 539 1193 patiens
580 1108 938 1187 laborum,
983 1110 1161 1175 victu
1206 1111 1544 1187 modicus,
1589 1110 1806 1174 animo

247 1209 656 1273 adversum
717 1229 951 1288 omne,
1027 1213 1343 1299 quidquid
1402 1212 1677 1274 arduum
1739 1227 1807 1275 et

250 1309 798 1393 periculosum,
894 1314 1224 1398 intrepido
1298 1328 1365 1378 et
1443 1327 1802 1389 constante,
1870 1308 1875 1315 ’

252 1413 357 1474 ita
396 1412 494 1473 ad
530 1414 829 1475 eandem
863 1415 1312 1492 tolerantiam,
1360 1431 1427 1478 et
1462 1415 1810 1503 observan-

260 1510 439 1575 tiam
477 1512 901 1598 disciplinae
924 1514 1199 1578 militem
1244 1517 1644 1594 adsuefecit,
1690 1516 1808 1579 sed

266 1613 415 1690 sic,
467 1628 597 1691 ut,
654 1636 807 1678 eum
837 1631 1113 1700 propter
1135 1618 1491 1700 ingenitam
1525 1617 1812 1704 pertina-

273 1713 458 1779 ciam
517 1716 784 1778 cedere
817 1718 968 1802 ipse*
1001 1734 1109 1782 aut
1141 1722 1383 1797 nollet,
1443 1734 1551 1783 aut
1601 1720 1812 1783 nesei-

268 1829 409 1891 ret,
461 1836 687 1900 saepe
727 1820 907 1883 nulla
945 1819 1027 1882 de
1063 1810 1255 1885 eausa
1289 1844 1587 1907 magnam
1622 1842 1811 1885 exer-

281 1916 463 1980 eitus
560 1932 832 2001 partem
912 1936 1027 1985 aut
1084 1924 1355 2000 morbo,
1449 1937 1559 1985 aut
1625 1922 1811 1986 ferro

280 2019 688 2097 amitteret,
749 2036 943 2106 atque
986 2024 1195 2102 idem,
1253 2027 1365 2110 qui
1426 2024 1812 2109 disciplinae

283 2118 621 2183 militaris
690 2122 880 2206 leges
940 2125 1025 2186 ad
1086 2125 1541 2189 crudelitatem
1605 2147 1812 2211 usque

288 2222 575 2304 exegit,
639 2237 865 2286 tamen
896 2228 1170 2289 militem
1226 2228 1547 2290 donativis
1582 2227 1816 2289 immo·-

293 2323 468 2385 dicis
496 2369 517 2400 ,
586 2314 789 2410 atque
827 2326 1229 2411 indulgendo
1277 2328 1587 2404 liberius,
1648 2347 1816 2412 quae

291 2424 639 2489 hactenus
706 2429 904 2490 vetita
957 2431 1027 2490 iu
1093 2432 1323 2492 castlis
1386 2429 1816 2507 habebantur,

303 2530 671 2613 corrumpi
732 2545 1091 2613 pateretur.
1137 2534 1210 2591 In
1246 2532 1426 2594 bello
1460 2551 1647 2606 acei,
1713 2551 1821 2593 ve·

298 2624 637 2705 hemens,
686 2652 761 2694 ac
797 2634 1159 2716 praesentis
1188 2634 1259 2694 in
1300 2633 1498 2696 rebus
1529 2622 1818 2696 adversis

310 2732 629 2808 consilii,
693 2733 843 2823 plus
895 2750 1110 2799 tamen
1153 2755 1275 2818 per
1321 2735 1559 2812 duces,
1627 2755 1819 2818 quam

306 2850 437 2916 per
475 2853 555 2895 se
596 2836 813 2919 ipsum
851 2837 1090 2918 gessit,
1154 2857 1431 2919 quorum
1458 2837 1696 2923 ,virtuti
1745 2855 1821 2898 ae

313 2930 478 2996 fidei
530 2936 785 3000 victum
835 2938 1038 3002 ternis
1077 2937 1346 3021 praeliis
1380 2938 1657 3022 Nigrum
1711 2935 1823 2999 de·-

313 3032 504 3112 buit,
582 3039 731 3118 ipse
777 3041 841 3101 in
894 3061 1110 3124 pugna
1161 3040 1472 3103 adversus
1515 3039 1822 3101 Albinum

318 3147 583 3201 tantum
630 3160 762 3203 non
808 3142 1057 3216 victus,
1122 3161 1197 3203 ac
1243 3161 1368 3225 pro
1402 3154 1663 3203 mortuo
1715 3139 1827 3202 ab·

276 3232 581 3326 ltjectus,
635 3255 829 3326 atque
864 3243 943 3307 ab
981 3246 1296 3306 Atrorum
1342 3240 1633 3303 Arabiae
1656 3241 1828 3305 obsi·

329 3338 532 3404 dione
572 3342 679 3404 his
712 3347 1036 3429 repulsus.
1095 3344 1359 3406 Bellum
1396 3343 1671 3427 gravius
1694 3344 1838 3405 nul-

324 3441 470 3503 lum
524 3448 910 3508 necessario
959 3447 1264 3530 suscepit.
1356 3444 1587 3509 Civilia
1633 3446 1834 3508 suasit

322 3541 653 3622 ambitio,
736 3560 802 3608 et
855 3561 928 3609 ut
990 3547 1187 3608 solus
1220 3546 1491 3607 remotis
1560 3545 1833 3608 aemulis

331 3640 740 3724 imperaret,
798 3648 1175 3710 Parthicum
1209 3647 1527 3731 cupiditas
1560 3646 1832 3729 gloriae,

336 3756 411 3803 ut
495 3758 780 3811 testatur
855 3750 1263 3832 Spartianus,
1364 3746 1836 3824 Britannicum,

340 3846 522 3927 qnod
566 3847 742 3912 filios
789 3851 1094 3914 licentiae
1145 3850 1430 3912 urbanae
1468 3847 1827 3932 impensius

344 3944 644 4027 deditos,
703 3966 768 4014 et
821 3954 1121 4035 legiones
1157 3951 1292 4013 otio
1336 3949 1711 4012 diffluentes
1755 3950 1838 4012 ad

344 4047 648 4115 laborem
697 4054 963 4117 volebat
1007 4071 1343 4116 revocare.
1404 4053 1493 4114 Et
1533 4072 1695 4114 vero
1747 4051 1846 4112 in-

349 4155 672 4219 consultis
705 4154 807 4217 his
837 4155 1168 4218 bellorum
1209 4152 1383 4217 curis
1400 4167 1549 4215 »non
1577 4172 1845 4235 magno·

350 4273 511 4335 pere
541 4256 822 4340 imperio
851 4256 1198 4329 consuluit,
1242 4254 1523 4330 Parthis,
1568 4253 1843 4337 aliisque

352 4367 530 4434 trans
570 4358 975 4443 Euphratem
1023 4356 1328 4442 gentibus
1378 4377 1529 4418 non⁴
1569 4367 1699 4418 tam
1734 4353 1847 4416 de-

353 4457 585 4534 victis,
673 4481 903 4543 quam,
999 4458 1178 4543 quod
1240 4458 1552 4540 deinceps
1609 4455 1840 4539 patuit,

356 4561 564 4643 magis
604 4563 947 4624 adversum
986 4564 1355 4622 Romanum
1404 4577 1645 4620 nomen
1695 4555 1844 4619 irri-

362 4663 528 4729 tatis.
574 4657 803 4748 Neque
838 4677 969 4726 tam
1005 4661 1084 4725 ab
1120 4660 1314 4723 armis
1336 4659 1600 4744 apertiS,
1648 4678 1842 4743 quam

365 4766 641 4829 occultis
687 4764 939 4829 insidiis
992 4762 1417 4838 metuendus,
1480 4780 1631 4826 cum
1680 4779 1719 4823 e
1764 4773 1841 4834 re

3265 540 3445 617 189·

1914 700 2166 778 visum,
2216 701 2420 777 dolis,
2466 701 2862 779 mendaciis,
2909 699 3217 789 perjuriis
3252 724 3410 789 per-

1914 801 2068 865 inde
2129 816 2228 865 est
2300 825 2476 866 usus.
2575 808 2743 868 Sane
2815 808 3129 884 amicitia,
3219 832 3413 893 quam

1918 904 2159 965 Albino
2218 905 2502 988 primum
2558 906 2833 990 juratam
2895 910 3231 992 professus
3289 931 3410 992 est,

1921 1020 1989 1067 et
2046 1008 2370 1090 promissa
2428 1007 2728 1072 liberalia
2796 1013 3058 1078 nonnisi
3114 1019 3414 1084 simulata

1921 1105 2142 1183 fuere,
2210 1108 2389 1191 quod
2449 1108 2781 1174 bominem
2839 1116 3058 1180 valido
3115 1123 3416 1186 exercitu

1922 1209 2311 1271 instructum
2392 1210 2764 1291 metuebat,
2837 1230 3067 1299 postea
3127 1223 3219 1283 nil
3281 1224 3414 1285 tale

1920 1323 2321 1384 merentem,
2416 1311 2709 1391 insidiis,
2777 1332 2986 1402 „atque
3068 1321 3179 1411 ”tbi
3252 1322 3417 1387 haec

1926 1411 2095 1487 male
2154 1430 2454 1487 cessere,
2519 1430 2745 1497 aperto
2789 1423 3000 1482 Marte
3069 1422 3414 1505 impetivit.

1926 1510 2329 1589 Crudelitate
2410 1515 2533 1575 etsi
2595 1519 2857 1584 Nerone
2922 1538 2988 1586 et
3053 1524 3418 1587 Commodo

1924 1611 2236 1689 inferior,
2326 1637 2594 1699 gravem
2678 1633 2898 1683 tamen
2973 1624 3188 1686 labem
3268 1645 3424 1688 con·
3505 1608 3510 1613 .

1923 1713 2121 1773 traxit
2165 1715 2372 1778 caesis
2419 1719 2667 1780 ordinis
2714 1726 3023 1787 senatorii
3071 1729 3228 1789 viris
3274 1748 3424 1812 gra-

1925 1813 2234 1892 vissimis,
2294 1839 2458 1902 quos
2503 1819 2570 1880 in
2615 1824 2837 1906 Nigri,
2901 1841 2969 1887 et
3011 1827 3237 1889 Albini
3279 1849 3424 1911 par-

1931 1913 2101 1976 tibus
2146 1916 2346 1994 vidit,
2410 1934 2519 1982 aut
2561 1943 2706 1985 esse
2750 1927 3044 2007 putavit,
3102 1942 3210 1991 aut
3256 1950 3421 2013 quos

1929 2006 2329 2080 clandestina
2399 2022 2745 2086 adversum
2807 2045 2877 2087 se
2954 2030 3200 2114 agitare
3272 2050 3418 2093 con·

1930 2115 2074 2178 silia
2147 2120 2510 2202 suspicatus
2586 2140 2703 2188 est.
2815 2129 2902 2190 At
2965 2130 3424 2213 glavissimum

1929 2217 2209 2302 imperio
2256 2221 2490 2284 vulnus
2549 2247 2673 2308 per
2715 2225 2926 2290 filium
2969 2251 3423 2294 successorem

1932 2318 2207 2397 inflixit,
2270 2341 2466 2405 quem
2528 2348 2659 2388 non
2719 2330 2915 2391 modo
2959 2347 3233 2416 propter
3285 2354 3423 2395 mo-

1931 2441 2078 2482 rum
2142 2423 2673 2506 improbitatem,
2733 2451 2925 2513 quam
2971 2434 3133 2518 reip.
3183 2441 3420 2519 magno

1890 2535 2241 2584 -staturam
2319 2526 2448 2606 jam
2528 2530 2668 2611 ipse
2745 2534 3103 2613 praevidit,
3182 2537 3426 2597 tollere

1933 2624 2115 2686 nulla
2147 2626 2386 2688 invidia
2420 2642 2461 2688 ‘e
2490 2630 2709 2692 medio
2749 2647 3025 2714 poterat,
3074 2633 3189 2696 sed
3229 2636 3425 2697 etiam

1936 2726 2114 2809 quod
2186 2727 2394 2789 semel
2454 2741 2648 2813 atque
2725 2731 2962 2797 iterum
3031 2734 3296 2797 insidias
3356 2737 3425 2798 in

1935 2841 2188 2911 patrem
2265 2830 2713 2914 composuisse
2787 2837 3001 2917 palam
3073 2851 3172 2898 est
3254 2856 3430 2899 cotn-

1935 2943 2185 3014 pertus.
2230 2932 2437 2997 Vetus
2472 2953 2657 2995 suum
2696 2949 2995 3001 extremo
3028 2939 3219 3026 etiam
3255 2938 3428 3001 vitae

1936 3046 2239 3117 tempore
2288 3034 2619 3111 retinens,
2681 3058 2759 3099 ac
2809 3058 2956 3100 cum
3003 3040 3425 3123 gravissimos

1940 3134 2304 3197 articularis
2342 3136 2559 3197 morbi
2595 3138 2859 3200 dolores
2901 3143 3431 3234 persentisceret,

1941 3256 2090 3297 cum
2124 3235 2514 3300 seditionem
2561 3255 2905 3303 moverent
2943 3243 3224 3317 milites,
3286 3255 3434 3305 ante

1949 3335 2234 3397 tribunal
2288 3338 2648 3419 productos
2708 3340 2856 3401 duci
2915 3341 3138 3423 jussit,
3197 3363 3431 3405 severe

1947 3436 2330 3518 increpans:
2376 3444 2630 3498 tandem
2679 3446 2965 3518 sentitis,
3012 3456 3205 3520 caput
3247 3449 3437 3522 impe-

1884 3547 1897 3552 ”
1947 3558 2123 3613 rare,
2168 3559 2295 3598 non
2319 3542 2530 3615 pedes.
2576 3538 2737 3621 Ejus
2773 3541 3029 3605 cineres
3059 3566 3094 3606 a
3125 3542 3279 3604 filiis
3303 3548 3436 3605 Ro·

1948 3659 2118 3701 mam
2153 3636 2353 3698 delati
2382 3636 2450 3697 in
2482 3638 2575 3700 Μ.
2612 3641 2921 3703 Antonini
2960 3646 3264 3728 sepulcro
3284 3665 3435 3707 con-

1949 3738 2070 3801 diti
2135 3752 2303 3799 sunt.
2392 3740 2823 3814 Memorabile
2894 3760 3155 3807 senatus
3221 3744 3303 3805 de
3357 3763 3439 3806 eo

1948 3838 2301 3920 judicium,
2365 3855 2473 3901 aut
2506 3843 2684 3904 nasci
2714 3843 2899 3906 illum
2943 3867 3077 3908 non
3111 3845 3436 3919 debuisse,

1950 3953 2063 4001 aut
2114 3961 2246 4001 non
2297 3940 2505 4015 mori,
2569 3942 2746 4025 quod
2816 3959 3219 4027 postremum
3266 3960 3445 4028 opta-

1946 4053 2141 4104 ·verat
2182 4039 2355 4101 haud
2406 4041 2634 4117 dubie,
2683 4045 2986 4127 quoniam
3030 4046 3261 4108 Severi
3298 4066 3445 4109 eru-

1958 4140 2225 4223 delitas,
2296 4155 2363 4204 et
2419 4142 2751 4225 ingenium
2831 4145 3236 4210 inexorabile
3292 4167 3443 4210 cum

1959 4242 2333 4304 Caracallae
2391 4241 2553 4304 feris
2618 4245 2910 4307 moribus
2972 4261 3441 4330 comparatum,

1957 4357 2030 4405 ut
2088 4356 2362 4406 eventus
2411 4344 2669 4422 docuit,
2745 4345 2895 4409 leve
2955 4367 3032 4410 ac
3097 4348 3446 4415 ferendum
3543 4335 3552 4342 ³

1950 4444 2170 4510 ,videri
2199 4445 2433 4529 potuit
2477 4446 2663 4533 Ejus
2675 4446 2875 4510 vitam
2906 4448 3231 4531 scripsere
3253 4452 3447 4534 Spar-

1955 4550 2190 4621 tianus,
2229 4547 2360 4609 Dio
2383 4593 2401 4624 ,
2445 4528 2862 4611 Herodianus
2893 4563 3158 4633 praeter
3186 4550 3448 4637 biogra-

1954 4647 2122 4733 phos
2152 4648 2455 4712 minores
2478 4649 2663 4712 alios.

2078 4751 2265 4820 onr
2310 4753 2364 4818 1.
2423 4754 2705 4833 Marcia,
2775 4771 2857 4818 eo
2918 4753 3136 4821 adhuc
3185 4754 3439 4837 privato
