4652 5937
1047 459 1131 530 L.
1237 456 1861 538 AVRELIVS
1964 457 2378 533 VERVS.
3261 479 3359 558 95

551 642 626 701 L.
642 642 955 708 VERVS.
986 640 1412 709 AVG.ARM.
1431 638 1750 706 PARTE.

552 742 763 803 MAX.
811 746 1013 820 Caput
1043 747 1419 805 laureatum.

223 844 395 904 ΤΗ.
425 844 518 905 Ρ.
564 844 769 909 vnn.
811 843 984 902 IMP.
1027 844 1104 910 V.
1160 843 1348 907 COS.
1377 847 1490 910 111.
1548 849 1754 908 vat-iis

240 947 426 1025 typis
459 949 541 1007 in
573 946 748 1007 omni
778 947 1075 1020 metallo,
1107 956 1174 1007 et
1197 949 1436 1026 forma.

702 1099 969 1190 Divus
1035 1133 1316 1194 Verus.

376 1250 728 1311 Mortuum
760 1270 796 1310 a
831 1247 1036 1310 fratre
1073 1249 1471 1331 appellatum
1518 1254 1754 1327 divum,

248 1350 604 1434 sacrisque
647 1349 946 1432 plurimis
980 1346 1368 1413 honoratum
1390 1396 1406 1426 ,
1454 1350 1756 1414 dedicato

247 1450 313 1511 ei
359 1448 642 1512 fiamine
667 1493 685 1524 ,
729 1462 796 1511 et
815 1450 1262 1513 Antoninianis
1300 1445 1654 1528 sodalibus,
1691 1466 1758 1515 et

252 1550 575 1612 omnibus
617 1550 1017 1627 honoribus,
1065 1553 1176 1635 qui
1216 1553 1381 1616 divis
1416 1553 1759 1629 habentur,

251 1650 459 1712 tradit
536 1651 937 1734 Capitolinus
1010 1655 1110 1734 ·)..
1182 1655 1784 1719 Consecrationem·

251 1751 441 1812 numi
471 1771 741 1836 quoque
788 1754 1241 1838 comprobant.

552 1855 838 1922 DIVVS.
883 1858 1196 1923 VERVS.
1279 1861 1481 1936 Caput
1501 1861 1757 1919 nudum.

254 1955 915 2020 CONSECRATIO.
995 1963 1275 2042 Aquila,
1355 1980 1582 2038 reque,
1661 1962 1769 2021 vel

257 2061 397 2136 ipse
411 2062 644 2119 sedens
661 2061 732 2120 in
744 2063 1080 2143 quadre‘qis
1097 2062 1590 2138 elephantorum.
1620 2061 1758 2121 AR.

256 2160 397 2221 ΔΕ.
436 2160 491 2219 1.
1471 2163 1484 2169 ·

554 2265 799 2323 Eadem
831 2266 1123 2322 adversa.

256 2364 352 2421 M.
451 2363 774 2427 AVREL.
853 2360 1390 2427 ANTONINVS.
1463 2364 1609 2459 ‘'I'R.
1682 2363 1760 2423 P.

261 2462 512 2524 xxm.
595 2466 795 2540 Caput
821 2467 1077 2524 Aurelii
1110 2466 1489 2527 laureatum.
1533 2465 1676 2528 ΑΕ.
1709 2466 1757 2524 1.

278 2563 547 2642 (vain.)

393 2663 873 2739 indubitatum,
920 2683 1037 2725 seu
1066 2663 1442 2741 Vaillantii,
1503 2685 1621 2728 seu
1665 2679 1800 2746 ty·‘

267 2762 579 2843 pothetae
636 2766 798 2828 vitio
865 2765 1176 2847 scriptum
1232 2769 1376 2828 TR.
1424 2768 1500 2828 Ρ.
1553 2768 1763 2831 xxn.

267 2882 390 2943 pro
451 2867 730 2942 xxm„
786 2889 934 2929 nam
983 2866 1137 2928 satis
1172 2879 1457 2942 constat,
1512 2870 1760 2934 Verum

266 2982 387 3044 per
431 2980 646 3030 totum
703 2970 995 3053 priorem
1046 2972 1301 3035 Aurelii
1363 2971 1762 3033 tribunatum

273 3064 486 3128 adhuc
515 3068 770 3134 vixisse.
819 3073 987 3135 Sane
1006 3088 1072 3135 et
1093 3094 1237 3135 cum
1273 3074 1507 3136 TR.P.
1525 3073 1763 3133 xxm.

271 3163 378 3228 hic
414 3189 653 3231 numus
690 3176 1080 3256 proponitur
1110 3196 1145 3235 a
1179 3174 1441 3237 Norisio
1471 3170 1560 3254 ¹³).

549 3339 752 3399 Numi
778 3342 1107 3401 commatis
1134 3343 1486 3420 pereqrini.

395 3452 504 3516 De
547 3454 872 3533 drachmis
906 3457 1271 3541 inscriptis:
1319 3450 1591 3519 ΥΠΕΡ.
1634 3454 1763 3516 ΝΙ-

280 3548 489 3617 KHC.
543 3552 1024 3620 ΡΩΜΑῘΩΝ
1104 3559 1357 3643 egimus
1427 3557 1493 3617 in
1550 3558 1763 3621 numis

285 3653 794 3740 Mesopotamiae
825 3659 1006 3722 urbis
1037 3660 1348 3721 incertae.

400 3758 601 3819 Numi
646 3760 835 3844 hujus
868 3762 1094 3824 classis
1139 3760 1251 3821 alii
1295 3760 1457 3822 nihil
1493 3780 1765 3844 prorsus

289 3852 607 3937 offerunt,
682 3862 789 3925 cui
840 3863 1244 3947 philologiae
1298 3883 1491 3925 causa
1539 3864 1770 3924 immo·

289 3973 524 4021 remur.

616 4133 1064 4195 NOMINA
1143 4136 1420 4196 VEBI.

403 4263 487 4325 Ei
518 4244 906 4330 natosu'isse
935 4269 1196 4331 nomina
1226 4275 1302 4333 L.
1332 4272 1579 4349 Ceionii
1595 4272 1765 4331 Com-

293 4368 488 4442 modi,
533 4367 808 4430 subinde
842 4384 1025 4453 patre
1059 4370 1140 4432 ab
1189 4369 1524 4432 Hadriano
1566 4370 1761 4452 adop·

389 4617 448 4686 a)
485 4618 552 4675 in
581 4618 783 4680 Aurel.
817 4641 864 4678 c.
897 4633 963 4686 15
1072 4621 1140 4695 b)
1178 4619 1400 4698 Epoch.
1424 4621 1720 4697 Syromac.
1753 4618 1890 4674 diss.
1921 4618 2023 4679 lv.
2059 4639 2117 4693 p.
2151 4625 2276 4681 304.

1827 4710 1891 4785 g)
1929 4706 1992 4763 in
2022 4709 2285 4766 Macrino
2317 4729 2367 4767 c.
2401 4717 2456 4771 3.

286 4704 342 4775 e)
384 4707 443 4764 in
468 4708 841 4776 Diadumen.
882 4732 931 4770 c.
963 4712 1015 4775 6.
1162 4711 1216 4785 s)
1254 4710 1317 4767 in
1356 4711 1505 4767 Geta
1536 4730 1584 4768 c.
1627 4720 1678 4768 2.

1868 655 2002 705 tato
2055 649 2127 707 L.
2181 646 2428 721 Cejonii
2482 646 2662 706 Aelii
2711 647 3059 722 Commodi,
3122 645 3363 729 princi-

1867 746 1978 828 pio
2012 744 2314 808 diximus.
2376 743 2733 828 Adoptatus
2768 746 2858 807 ab
2891 747 3221 809 Antonino
3261 748 3362 809 ni·

1867 845 1964 906 hil
2017 847 2277 908 videtur
2320 845 2388 905 in
2447 846 2990 929 appellationibus
3050 862 3360 924 mutasse,

1868 967 2017 1007 nam
2069 949 2328 1008 Aurelii
2376 967 2617 1008 nomen
2659 946 2784 1007 sibi
2830 968 2866 1009 a
2915 961 3100 1030 patre
3135 949 3365 1011 dome-

1868 1046 2101 1130 sticum
2139 1047 2302 1120 suit,
2351 1066 2565 1129 neque
2609 1049 2979 1108 necessario
3010 1070 3131 1131 per
3165 1051 3363 1136 adop-

1868 1147 2113 1209 tionem
2151 1147 2214 1207 in
2256 1168 2406 1208 eum
2461 1147 2540 1209 ab
2591 1149 2920 1212 Antonino
2970 1149 3356 1225 derivatum,

1866 1249 2052 1312 ‘velut
2084 1247 2148 1308 in
2188 1251 2482 1308 Marcum
2514 1247 2810 1312 fratrem.

1997 1352 2263 1411 Mortuo
2323 1347 2653 1409 Antonino
2713 1351 2834 1411 Pio
2895 1353 2984 1412 M.
3025 1352 3367 1414 Aurelium

1873 1447 1939 1509 in
1987 1451 2070 1531 ¹L.
2100 1450 2351 1515 Verum
2389 1461 2652 1530 praeter
2706 1450 2983 1533 Augusti
3039 1451 3361 1516 honorem

1875 1550 2068 1612 etiam
2111 1552 2261 1610 Veri
2289 1568 2530 1610 nomen
2554 1593 2569 1623 ,
2618 1549 2792 1632 quod
2832 1551 2954 1611 sibi
2989 1567 3176 1614 antea
3212 1575 3371 1636 pro-

1872 1651 2088 1734 prium
2120 1649 2279 1723 fuit,
2328 1650 2770 1725 transtulisse,
2817 1673 3013 1735 supra
3065 1655 3128 1714 in
3159 1656 3369 1717 Aure-

1874 1751 1949 1812 lii
1980 1750 2350 1813 nominibus
2372 1748 2612 1812 affatim
2638 1750 2998 1812 docuimus.
3036 1756 3134 1814 An
3170 1757 3365 1818 etiam

1876 1856 2193 1916 Antonini
2241 1870 2521 1925 nomen,
2585 1851 2900 1934 disputari
2942 1868 3178 1936 potest.
3241 1856 3371 1918 Ad·

1872 1953 2089 2015 firmat
2130 1952 2302 2014 istud
2342 1953 2779 2032 Capitolinus:
2852 1958 3115 2029 Verum,
3162 1958 3249 2019 ait
3283 1961 3367 2036 0),

1874 2076 2015 2117 eum
2050 2055 2403 2133 appellavit
2444 2051 2782 2128 Aurelius,
2846 2059 3064 2117 addito
3100 2062 3372 2119 ANTO-

1871 2157 2394 2232 NINlffuomine.
2475 2155 2760 2213 Rursum
2812 2153 2877 2213 in
2911 2157 3093 2222 Vero
3126 2153 3229 2235 d):
3293 2160 3369 2220 L.

1880 2259 2176 2332 cejonius
2209 2256 2437 2316 Aelius
2474 2257 2840 2316 Commodus
2879 2259 3081 2318 Verus
3099 2262 3373 2320 ANTO-

1875 2359 2111 2419 NINV
2107 2358 2163 2416 S
2174 2399 2191 2431 ,
2236 2358 2352 2437 qui
2412 2375 2495 2415 eac
2525 2358 2852 2416 Hadriani
2893 2360 3218 2419 voluntate
3245 2364 3372 2421 Ac-

1851 2460 2006 2519 ·lius
2037 2459 2395 2534 appellatus
2429 2465 2554 2526 est,
2600 2475 2684 2516 ex
2720 2460 3038 2518 Antonini
3069 2465 3371 2536 conjunc-

1877 2561 2048 2618 tione
2080 2559 2314 2630 Verus,
2360 2567 2425 2617 et
2452 2560 2996 2622 ANTONINVS.
3065 2561 3369 2622 Consona

1878 2656 2087 2719 refert
2120 2655 2534 2738 Lampridius
2583 2657 2681 2737 θ).
2736 2662 2936 2720 Verus
2972 2672 3181 2722 autem
3199 2665 3373 2722 Com·

1877 2763 2053 2819 modi
2089 2778 2316 2819 nomen
2354 2760 2607 2833 habuit,
2671 2780 2794 2840 quo
2827 2762 3066 2821 abolito
3100 2765 3372 2826 ANTO-

1877 2864 2087 2924 NINI
2136 2880 2264 2920 non
2306 2878 2729 2935 praenomen,
2794 2864 2910 2920 ced
2941 2881 3167 2923 nomen
3196 2883 3374 2925 acce-

1869 2965 1990 3039 pit.
2040 2963 2438 3024 Commodum
2462 2972 2673 3023 autem
2705 2964 2961 3023 Marcus
2998 2966 3136 3025 AN
3135 2967 3372 3028 TON1-

1878 3066 2083 3125 NVM
2123 3064 2492 3140 appellavit.
2539 3061 2796 3123 Deinde
2821 3062 3219 3144 Spartianus,
3255 3066 3372 3148 qui

1875 3161 2083 3223 refert
2131 3160 2218 3240 ί),
2267 3184 2301 3224 a
2351 3164 2600 3225 Severo
2639 3182 2877 3224 nomen
2927 3163 3054 3227 hoc
3086 3161 3221 3225 filio
3261 3164 3373 3226 da-

1875 3275 2010 3323 tum
2036 3306 2052 3335 ,
2090 3262 2394 3345 quoniam
2412 3269 2563 3341 Jam
2587 3284 2706 3343 per
2738 3273 3012 3346 quatuor
3044 3269 3374 3344 principes

1874 3366 2278 3425 cucurrisset.
2356 3363 2719 3425 Antoninos
2783 3363 3096 3431 hactenus
3157 3363 3370 3427 dictos

1873 3464 2103 3538 Pium,
2149 3466 2466 3539 Marcum,
2499 3461 2925 3525 Commodum
2961 3456 3241 3544 constat3
3277 3468 3374 3528 ni·

1880 3562 1935 3625 si
1970 3565 2219 3629 Verum
2255 3564 2602 3639 addamus,
2648 3575 2949 3648 quartum
2991 3584 3121 3625 non
3174 3565 3373 3629 habe·

1877 3663 2115 3729 bimus.
2184 3663 2464 3739 ,Diserte
2493 3685 2654 3727 vero
2699 3664 2893 3725 etiam
2924 3686 2960 3725 a
2996 3666 3367 3749 Capitolino

1881 3766 2054 3827 inter
2085 3778 2234 3827 octo
2273 3767 2641 3828 Antoninos
2674 3779 3055 3828 numeratur
3092 3767 3247 3828 alibi
3283 3771 3369 3848 g).

1878 3864 2049 3925 Addi
2077 3879 2295 3946 potest
2333 3884 2416 3926 ex
2467 3867 2835 3948 Capitolino
2866 3860 2970 3944 ι3),
3027 3869 3373 3930 Aurelium

1877 3978 2138 4026 mortuo
2159 3964 2340 4028 Vero
2365 3969 2845 4027 Antoninianos
2862 3971 3137 4041 sodales,
3184 3969 3376 4030 nimi·

1872 4087 2016 4126 rum
2038 4084 2118 4125 ex
2139 4064 2278 4146 ejus
2293 4066 2556 4130 nomine
2576 4078 2646 4126 ut
2668 4063 2927 4127 videtur
2943 4110 2959 4140 ,
3012 4066 3370 4132 dedicasse.

1877 4166 2411 4250 Conspirantibus
2433 4164 2534 4225 his
2574 4165 2949 4227 auctoribus
2986 4187 3117 4228 non
3154 4170 3364 4233 ausim

1875 4267 2113 4346 horum
2144 4267 2669 4330 testimoniorum
2707 4268 3046 4329 veritatem
3068 4269 3133 4329 in
3180 4271 3372 4334 dubi·

1878 4391 1988 4430 um
2009 4388 2264 4445 vocare,
2302 4368 2426 4431 etsi
2446 4369 2682 4429 mirum
2702 4368 3020 4443 videatur,
3044 4389 3362 4435 coaevum

2391 4620 2455 4688 c)
2491 4617 2769 4675 iuAurel.
2801 4634 2920 4684 c.7.
3047 4617 3113 4691 d)
3132 4620 3291 4698 Cap.
3314 4634 3360 4682 Ι.

2599 4703 2672 4782 h)
2708 4707 2772 4766 in
2806 4708 3049 4767 Aurelio
3088 4730 3153 4801 c.
3176 4721 3263 4774 15.
