4652 5937
1443 472 2274 551 ELAGABALVS.

314 690 548 765 peret,
594 676 738 758 ipse
776 670 1004 736 edicto
1036 663 1318 728 sanciret
1341 705 1358 738 ,
1401 673 1474 722 ut
1513 659 1656 723 aliis
1690 659 1815 721 diis

323 780 669 851 omnibus,
729 786 922 855 atque
972 767 1099 850 ipsi
1147 766 1340 825 etiam
1394 762 1535 824 Iovi
1582 762 1818 843 Elaga-

311 883 506 944 balus
561 897 716 941 suus
751 868 1240 959 praeferretur,
1285 864 1426 946 ipse
1465 863 1816 944 imaginem

321 981 612 1048 numinis
690 976 793 1043 eui
854 975 1131 1034 Romam
1195 963 1679 1049 praemineret,
1750 963 1820 1023 in

320 1083 543 1147 media
612 1078 796 1143 ouria
855 1077 1016 1136 loco
1086 1068 1265 1132 edito
1333 1061 1817 1138 collocandam,
1870 1072 1875 1077 “

320 1186 561 1250 urbem
593 1183 929 1265 ingressus
951 1172 1013 1233 ei
1034 1169 1347 1252 templum
1371 1164 1821 1237 constitueret,

323 1303 393 1351 et
434 1283 783 1347 barbarico
824 1278 966 1360 ipse
1014 1274 1238 1336 habitu
1285 1292 1358 1333 ae
1411 1267 1546 1328 ritu
1605 1263 1822 1325 munia

329 1383 691 1451 sacerdotis
724 1379 937 1464 palam
971 1378 1384 1459 fungeretur,
1414 1379 1821 1447 vetaretque,

331 1506 416 1549 ne
481 1484 629 1573 quis
702 1486 955 1544 Romae
1026 1478 1185 1538 deus
1251 1471 1378 1533 nisi
1426 1466 1825 1549 Elagabalus

334 1606 488 1651 suus
522 1586 897 1659 coleretur,
941 1581 1009 1641 id
1031 1598 1190 1641 vero
1224 1568 1641 1635 intolerabile
1674 1588 1829 1630 cun·
1850 1636 1863 1653 s

336 1690 458 1755 etis
489 1688 725 1752 visum.
775 1682 1074 1746 Accessit
1119 1690 1453 1741 extremae
1508 1668 1828 1731 amentiae

336 1802 796 1876 argumentum
849 1785 1148 1857 illustre,
1210 1774 1383 1859 quod
1440 1792 1588 1833 cum
1638 1766 1835 1829 caeli-

341 1895 491 1957 bem
525 1911 717 1953 suum
752 1886 948 1948 deum
989 1900 1134 1945 esse
1170 1877 1417 1950 nollet,
1463 1890 1735 1934 uxorem
1770 1866 1833 1928 ei

347 2297 603 2370 fuerat,
661 2293 1007 2353 immotum
1073 2285 1140 2344 in
1201 2280 1414 2342 aulam
1470 2271 1836 2345 transtulit,

348 2416 629 2480 eamque
671 2389 998 2474 nuptiales
1050 2382 1273 2447 taedas
1318 2379 1386 2438 in
1434 2374 1608 2436 hune
1662 2372 1837 2433 diem

348 2511 713 2563 aversatam
771 2487 1177 2572 compellere
1245 2478 1327 2541 ad
1365 2475 1621 2559 nuptias
1690 2494 1838 2536 cum

351 2600 478 2661 deo
521 2609 707 2659 extra
741 2592 1003 2653 coelum
1052 2588 1378 2647 Graecum
1437 2590 1588 2638 nato
1636 2588 1843 2636 tenta·

350 2701 464 2765 vit.
511 2696 839 2761 Continuo
886 2711 962 2753 re
1008 2685 1292 2751 curatius
1344 2698 1667 2761 expensa,
1714 2674 1840 2735 deo

355 2822 474 2864 suo
504 2820 658 2862 cum
698 2813 908 2859 uxore
944 2801 1186 2853 armata
1232 2797 1299 2846 et
1341 2779 1660 2842 bellicosa
1709 2796 1840 2836 non

349 2916 537 2965 recte
587 2895 987 2967 convenire,
1026 2890 1215 2951 <leam
1267 2883 1679 2953 coetestem,
1728 2896 1843 2939 seu

356 3003 668 3069 Vraniam
720 2992 1111 3074 Carthagine
1166 2984 1611 3050 advehendam
1662 2999 1848 3042 cura·

355 3108 485 3181 vit,
529 3102 872 3188 praeclaro
918 3093 1095 3155 istud
1144 3087 1456 3161 consili03
1501 3104 1651 3144 nam
1697 3098 1847 3142 cum

359 3227 486 3292 qua
552 3203 669 3266 Sol
713 3194 1109 3279 Elagabalus
1171 3190 1383 3274 aptius
1457 3181 1847 3249 convenien-

358 3308 624 3389 tiusque
663 3301 1086 3384 jungeretur,
1132 3312 1324 3373 quam
1355 3308 1501 3352 cum
1532 3285 1653 3346 hac
1687 3284 1849 3348 Vra·

358 3409 507 3481 nia,
553 3402 748 3489 qu'am
797 3400 1028 3461 lunam.
1065 3393 1212 3458 Afri
1262 3383 1633 3468 censuere?
1680 3386 1850 3445 Tum

260 3513 271 3520 ”
357 3529 527 3573 -vero
572 3504 741 3568 urbe
792 3514 965 3575 tota,
1024 3516 1099 3558 ac
1146 3512 1268 3576 per
1317 3490 1606 3559 Italiam,
1665 3479 1853 3543 nimi·

363 3632 511 3672 rum
583 3602 981 3668 nubentibus
1020 3595 1199 3688 feliis,
1259 3589 1500 3653 indicta
1553 3577 1889 3659 'I‘heoga-¹

367 3712 535 3784 mia,
613 3721 684 3770 et
731 3705 849 3766 ‹los
908 3721 1029 3785 per
1077 3691 1288 3758 totum
1347 3686 1697 3772 imperium
1744 3679 1852 3746 de·

371 3812 637 3894 scripta.
738 3807 959 3868 Caeso
1012 3800 1408 3880 imperatore
1452 3786 1694 3873 patuit,
1757 3780 1853 3841 in-

369 3912 517 3976 vito
558 3912 948 3988 Hymenaeo
1009 3900 1125 3962 has
1173 3893 1496 3961 coaluisse
1560 3883 1853 3968 nuptias3

371 4033 519 4075 nam
558 4009 788 4093 pulsus
835 4004 1002 4066 urbe
1039 4001 1321 4062 maritus,
1355 3992 1648 4075 Syriam,
1691 4003 1860 4046 uxor

371 4112 666 4178 Africam
732 4107 1054 4189 imperato
1118 4094 1411 4161 divortio.
1467 4088 1860 4175 repetivere.

370 4214 560 4276 Haec
600 4221 768 4294 quae
804 4222 1012 4290 usque
1044 4199 1241 4264 modo
1288 4193 1517 4269 docui,
1559 4188 1714 4256 vide
1757 4206 1867 4251 co-

3195 574 3200 581 .
3276 483 3419 579 2⁵1

1933 671 2001 719 et
2028 654 2484 739 Lampritlium
2507 649 2594 734 1³).
2639 650 2985 714 Exstitisse
3017 648 3194 724 hunc
3227 648 3432 712 deum

1933 760 2213 819 Emesae
2291 757 2503 819 adhuc
2579 752 2930 815 Aureliani.
3002 764 3249 826 aetate,
3311 750 3434 834 qu’r

1936 880 2093 922 eum
2124 858 2411 920 donariis
2467 871 2532 919 et
2579 854 2844 938 templis
2878 851 3133 915 ornavit
3155 895 3185 927 ,.
3217 850 3432 913 refert

1933 961 2259 1041 Vopiscus
2294 961 2377 1040 ὓ).
2587 968 2594 977 “

2063 1064 2314 1123 Numus
2357 1080 2436 1119 ex
2471 1054 2827 1141 propositis
2871 1052 3121 1136 primus
3164 1066 3438 1118 vectum

1937 1160 2203 1245 publice
2230 1158 2431 1252 ‘deum
2460 1156 2885 1237 Elagabalum
2910 1154 3200 1218 exhibet.
3246 1153 3437 1216 Idem

1938 1263 2181 1324 factum
2230 1259 2449 1321 refert.
2503 1254 2962 1330 Herodianus,
3010 1274 3248 1336 nempe
3311 1254 3443 1315 im·

1937 1363 2223 1447 positum
2263 1379 2412 1420 eum
2467 1356 2773 1419 vehiculo
2810 1376 2969 1415 auro
3022 1354 3437 1437 gemmisque

1944 1463 2248 1526 distincto
2274 1506 2301 1536 ,
2337 1458 2821 1539 deductumque
2865 1475 2945 1516 ex
2989 1454 3154 1517 urbo
3186 1457 3256 1515 in
3287 1455 3440 1518 sub-

1943 1564 2265 1626 urbanum
2289 1605 2306 1635 ,
2355 1580 2484 1643 quo
2514 1559 2665 1620 loco
2698 1557 2840 1636 ejus
2883 1556 3200 1639 templum
3233 1556 3440 1631 stetit,

1945 1677 2306 1747 praeeunte
2346 1680 2609 1724 currum
2657 1659 3054 1740 imperatore
3102 1676 3180 1718 ac
3212 1655 3446 1719 frenos

1947 1766 2317 1838 retinente,
2379 1781 2573 1846 quem
2624 1779 3009 1842 processum
3063 1757 3215 1820 vide
3267 1755 3442 1839 apud

1948 1866 2281 1931 laudatum
2356 1876 2692 1925 auctorem
2771 1859 3136 1921 liberaliter
3196 1856 3444 1919 descri-

1890 2032 1895 2041 ,
1949 1982 2156 2052 ptum.
2248 1962 2427 2057 Quid
2489 1974 2719 2023 notent
2768 1974 3047 2044 quatuor
3127 1956 3449 2041 perticae,

1953 2087 2120 2151 quae
2181 2086 2447 2128 currum
2496 2062 2830 2135 ambiunt,
2891 2074 2957 2123 et
3015 2065 3288 2125 totidem
3335 2082 3446 2125 co-

1952 2189 2075 2230 nos
2130 2166 2486 2239 sustinent,
2542 2163 2705 2225 mibi
2749 2163 3270 2249 incompertum,
3329 2182 3445 2224 ne-

1955 2288 2083 2351 que
2136 2285 2377 2349 operae
2428 2265 2754 2348 pretium,
2811 2264 2877 2324 in
2935 2268 3153 2328 omnia
3206 2266 3452 2329 stultae

1956 2367 2438 2451 superstitionis
2471 2365 2782 2447 mysteria
2827 2365 3204 2449 diligentius
3236 2367 3451 2451 inqui·

1954 2490 2128 2531 rere.
2218 2466 2476 2529 Eodem
2535 2468 2734 2529 modo
2797 2466 3138 2550 Heliopoli
3183 2488 3448 2551 quoque

1955 2572 2318 2639 vehebatur
2367 2569 2527 2629 <leus
2560 2568 3125 2650 Heliopolitanus‚
3173 2569 3285 2653 qui
3327 2570 3448 2631 Sol

1954 2673 2112 2733 item
2138 2671 2282 2733 fuit.
2331 2670 2441 2731 Sic
2471 2671 2642 2731 enim
2683 2668 2764 2730 (le
2792 2669 2918 2731 hoc
2937 2669 3311 2731 Macrobius
3344 2667 3447 2749 dJ:

1956 2778 2199 2836 vehitur
2224 2777 2394 2834 enim
2423 2774 2834 2833 simulacrum
2852 2773 2958 2829 dei
2982 2773 3456 2846 Heliopolitana?

1949 2877 2199 2956 ferculo
2217 2918 2245 2949 ,⁴
2276 2876 2378 2934 uti
2421 2876 2729 2935 vehuntur
2775 2874 2846 2932 in
2888 2891 3124 2950 pompa
3159 2874 3452 2932 ludorum

1961 2978 2340 3037 circensium
2376 2977 2636 3036 deorum
2667 2975 3035 3034 simulacra.
3079 2974 3290 3033 Notus
3309 2992 3458 3056 pas·-

1964 3078 2083 3137 sim
2117 3074 2628 3150 simulacrorum·
2655 3074 2747 3136 sic
2769 3089 3107 3139 vectorum
3144 3092 3331 3134 sacer
3368 3071 3454 3134 ri-

1962 3192 2089 3240 tus.
2175 3181 2377 3239 Teste
2411 3175 2764 3239 Herodoto
2788 3177 2848 3254 ο)
2900 3174 3070 3257 apud
3100 3173 3455 3255 Papremin

1964 3279 2254 3362 Aegypti
2290 3279 2518 3339 Martis
2571 3278 2827 3359 signum
2860 3298 2985 3336 una
3018 3294 3165 3336 oum
3210 3271 3456 3335 sacello

1967 3399 2168 3442 curru
2207 3390 2487 3456 quatuor
2522 3389 2816 3436 rotarum
2857 3375 3238 3436 vehebatur.
3328 3377 3459 3435 Ex-

1934 3479 2185 3561 empla
2230 3477 2420 3560 plura
2468 3474 2592 3536 alia
2648 3474 2800 3537 vide
2850 3476 2918 3538 in
2980 3495 3125 3536 mea
3168 3475 3458 3558 'Sylloge

1966 3566 2018 3638 'L
2050 3582 2210 3662 Pag.
2238 3578 2345 3640 55.
2396 3575 2501 3636 Ad
2547 3574 2724 3636 idem
2760 3588 3215 3656 argumentum
3256 3576 3460 3657 perti-

1968 3693 2082 3742 net
2117 3700 2354 3742 numus
2407 3679 2485 3738 11.
2513 3720 2544 3752 ,.
2577 3677 2687 3759 qui
2733 3675 3162 3758 Elagabalum
3213 3696 3462 3738 comer-

1969 3791 2249 3842 vatvrem
2293 3782 2579 3862 Auyusti
2621 3777 2950 3858 appellat,
2997 3789 3070 3836 et
3113 3772 3464 3836 conoidem

1970 3881 2145 3943 hunc
2213 3877 2409 3940 deum
2486 3877 2742 3960 aquilae
2813 3875 2933 3936 alis
3002 3874 3463 3937 obumbratum

1975 3979 2278 4055 exhibet,
2322 3979 2574 4056 credo,
2608 3974 2788 4061 quod
2822 3974 3215 4059 Elagabalus
3255 3996 3465 4060 aeque

1981 4083 2155 4145 Solis
2202 4101 2277 4144 ac
2323 4079 2496 4144 Iovis
2521 4078 2920 4164 ddignitatem
2961 4075 3244 4137 obtinuit
3274 4096 3463 4137 more

1980 4186 2049 4247 in
2096 4183 2285 4266 Syria
2332 4192 2649 4263 recepto,
2717 4199 2865 4239 nam
2925 4189 2991 4238 et
3032 4176 3468 4261 Heliopolita-

379 4314 631 4399 piosius
688 4306 871 4391 apud.
921 4303 1209 4404 Dionem
1257 4299 1357 4380 ὓ),
1415 4291 1879 4368 ΗΘι-οέὶίειιιιιιιικ
1982 4302 2215 4349 norum
2253 4280 2674 4361 coelesyriae
2715 4298 2956 4350 numen
2987 4278 3328 4361 utriusque
3360 4275 3478 4338 dei

371 4426 3453 4481 Μ

456 4548 518 4618 a)
559 4543 625 4603 L.
662 4507 956 4600 [XXVII.
980 4537 1031 4607 ᾗ.
1062 4543 1146 4594 12.
1294 4528 1362 4602 b)
1397 4526 1458 4582 iu
1483 4521 1727 4598 Elagab.

274 4725 285 4736 .
350 4629 433 4697 c.
470 4640 564 4703 63.

1876 4522 1933 4592 c)
1967 4517 2027 4574 in
2056 4514 2396 4577 Aureliano·

2546 4510 2613 4582 d)
2646 4509 2882 4567 samm.
2915 4485 2960 4566 12
2989 4520 3075 4572 23.
3227 4511 3286 4582 e>
3318 4508 3379 4565 L.
3402 4507 3471 4565 ιι.

2908 4687 3088 4752 Iis.
