<?xml version="1.0" encoding="UTF-8"?>
<!DOCTYPE html PUBLIC "-//W3C//DTD XHTML 1.0 Transitional//EN"
    "http://www.w3.org/TR/xhtml1/DTD/xhtml1-transitional.dtd">
<html xmlns="http://www.w3.org/1999/xhtml" xml:lang="en" lang="en">
 <head>
  <title>
</title>
<meta http-equiv="Content-Type" content="text/html;charset=utf-8" />
  <meta name='ocr-system' content='tesseract 3.04.00' />
  <meta name='ocr-capabilities' content='ocr_page ocr_carea ocr_par ocr_line ocrx_word'/>
</head>
<body>
  <div class='ocr_page' id='page_1' title='image "./doctrinanumorum05hohlgoog_0507.png"; bbox 0 0 4652 5937; ppageno 0'>
   <div class='ocr_carea' id='block_1_1' title="bbox 1123 464 3345 583">
    <p class='ocr_par' dir='ltr' id='par_1_1' title="bbox 1123 464 3345 583">
     <span class='ocr_line' id='line_1_1' title="bbox 1123 464 3345 583; baseline 0.009 -27"><span class='ocrx_word' id='word_1_1' title='bbox 1123 470 1731 559; x_wconf 75' lang='lat' dir='ltr'><strong>cLAvmvs</strong></span> <span class='ocrx_word' id='word_1_2' title='bbox 1809 484 2445 564; x_wconf 78' lang='lat' dir='ltr'><strong>coTHmvs.</strong></span> <span class='ocrx_word' id='word_1_3' title='bbox 2534 545 2576 555; x_wconf 89' lang='lat'><strong>..</strong></span> <span class='ocrx_word' id='word_1_4' title='bbox 2748 525 2755 535; x_wconf 65' lang='grc'><em>·</em></span> <span class='ocrx_word' id='word_1_5' title='bbox 3041 464 3042 467; x_wconf 61' lang='lat'>‘</span> <span class='ocrx_word' id='word_1_6' title='bbox 3205 507 3345 583; x_wconf 61' lang='lat'><strong>471</strong></span> 
     </span>
    </p>
   </div>
   <div class='ocr_carea' id='block_1_2' title="bbox 191 666 1730 754">
    <p class='ocr_par' dir='ltr' id='par_1_2' title="bbox 191 666 1730 754">
     <span class='ocr_line' id='line_1_2' title="bbox 191 666 1730 754; baseline -0.001 -20"><span class='ocrx_word' id='word_1_7' title='bbox 191 672 283 734; x_wconf 86' lang='lat' dir='ltr'><strong>lo</strong></span> <span class='ocrx_word' id='word_1_8' title='bbox 337 685 499 754; x_wconf 84' lang='lat' dir='ltr'><strong>post</strong></span> <span class='ocrx_word' id='word_1_9' title='bbox 555 670 795 732; x_wconf 76' lang='lat' dir='ltr'><strong>ducum</strong></span> <span class='ocrx_word' id='word_1_10' title='bbox 860 667 1345 753; x_wconf 73' lang='lat' dir='ltr'><strong>conspiratione</strong></span> <span class='ocrx_word' id='word_1_11' title='bbox 1403 666 1730 747; x_wconf 80' lang='lat' dir='ltr'><strong>Gallieno,</strong></span> 
     </span>
    </p>
   </div>
   <div class='ocr_carea' id='block_1_3' title="bbox 195 771 1759 856">
    <p class='ocr_par' dir='ltr' id='par_1_3' title="bbox 195 771 1759 856">
     <span class='ocr_line' id='line_1_3' title="bbox 195 771 1759 856; baseline 0.001 -21"><span class='ocrx_word' id='word_1_12' title='bbox 195 773 423 856; x_wconf 71' lang='lat' dir='ltr'><strong>cuju&#39;s</strong></span> <span class='ocrx_word' id='word_1_13' title='bbox 477 793 626 836; x_wconf 87' lang='lat' dir='ltr'><strong>eum</strong></span> <span class='ocrx_word' id='word_1_14' title='bbox 668 772 897 834; x_wconf 88' lang='lat' dir='ltr'><strong>saltem</strong></span> <span class='ocrx_word' id='word_1_15' title='bbox 943 771 1149 833; x_wconf 84' lang='lat' dir='ltr'><strong>fuisse</strong></span> <span class='ocrx_word' id='word_1_16' title='bbox 1181 772 1514 834; x_wconf 89' lang='lat' dir='ltr'><strong>conscium</strong></span> <span class='ocrx_word' id='word_1_17' title='bbox 1565 795 1648 836; x_wconf 89' lang='lat' dir='ltr'><strong>ne</strong></span> <span class='ocrx_word' id='word_1_18' title='bbox 1685 774 1759 843; x_wconf 75' lang='lat' dir='ltr'><strong>ii,</strong></span> 
     </span>
    </p>
   </div>
   <div class='ocr_carea' id='block_1_4' title="bbox 138 873 1731 1464">
    <p class='ocr_par' dir='ltr' id='par_1_4' title="bbox 138 873 1731 1464">
     <span class='ocr_line' id='line_1_4' title="bbox 201 873 1731 958; baseline 0.001 -24"><span class='ocrx_word' id='word_1_19' title='bbox 201 875 542 958; x_wconf 86' lang='lat' dir='ltr'><strong>quidem,</strong></span> <span class='ocrx_word' id='word_1_20' title='bbox 607 876 719 957; x_wconf 90' lang='lat' dir='ltr'><strong>qui</strong></span> <span class='ocrx_word' id='word_1_21' title='bbox 765 876 907 954; x_wconf 87' lang='lat' dir='ltr'><strong>ejus</strong></span> <span class='ocrx_word' id='word_1_22' title='bbox 949 894 1056 935; x_wconf 84' lang='lat' dir='ltr'><strong>res</strong></span> <span class='ocrx_word' id='word_1_23' title='bbox 1103 887 1319 958; x_wconf 86' lang='lat' dir='ltr'><strong>gestas</strong></span> <span class='ocrx_word' id='word_1_24' title='bbox 1379 893 1605 935; x_wconf 83' lang='lat' dir='ltr'><strong>omnes</strong></span> <span class='ocrx_word' id='word_1_25' title='bbox 1649 873 1731 937; x_wconf 84' lang='lat' dir='ltr'><strong>ad</strong></span> 
     </span>
     <span class='ocr_line' id='line_1_5' title="bbox 196 965 1729 1056; baseline -0.001 -19"><span class='ocrx_word' id='word_1_26' title='bbox 196 971 494 1037; x_wconf 62' lang='lat' dir='ltr'><strong>coelum</strong></span> <span class='ocrx_word' id='word_1_27' title='bbox 528 977 831 1039; x_wconf 86' lang='lat' dir='ltr'><strong>extulere</strong></span> <span class='ocrx_word' id='word_1_28' title='bbox 855 1020 871 1048; x_wconf 87' lang='lat'>‚</span> <span class='ocrx_word' id='word_1_29' title='bbox 919 965 1161 1036; x_wconf 83' lang='lat' dir='ltr'><strong>audent</strong></span> <span class='ocrx_word' id='word_1_30' title='bbox 1202 975 1397 1056; x_wconf 86' lang='lat' dir='ltr'><strong>plane</strong></span> <span class='ocrx_word' id='word_1_31' title='bbox 1431 974 1729 1050; x_wconf 82' lang='lat' dir='ltr'><strong>inficiari,</strong></span> 
     </span>
     <span class='ocr_line' id='line_1_6' title="bbox 138 1064 1730 1159; baseline -0.001 -19"><span class='ocrx_word' id='word_1_32' title='bbox 138 1102 163 1123; x_wconf 88' lang='lat'><strong><em>.</em></strong></span> <span class='ocrx_word' id='word_1_33' title='bbox 204 1077 305 1140; x_wconf 84' lang='lat' dir='ltr'><strong>ab</strong></span> <span class='ocrx_word' id='word_1_34' title='bbox 342 1080 662 1140; x_wconf 83' lang='lat' dir='ltr'><strong>universo</strong></span> <span class='ocrx_word' id='word_1_35' title='bbox 691 1078 988 1140; x_wconf 82' lang='lat' dir='ltr'><strong>exercitu</strong></span> <span class='ocrx_word' id='word_1_36' title='bbox 1024 1078 1378 1159; x_wconf 85' lang='lat' dir='ltr'><strong>imperator</strong></span> <span class='ocrx_word' id='word_1_37' title='bbox 1410 1064 1730 1139; x_wconf 79' lang='lat' dir='ltr'><strong>adclama-</strong></span> 
     </span>
     <span class='ocr_line' id='line_1_7' title="bbox 202 1164 1725 1259; baseline 0.001 -21"><span class='ocrx_word' id='word_1_38' title='bbox 202 1164 358 1253; x_wconf 79' lang='lat' dir='ltr'><strong>tur,</strong></span> <span class='ocrx_word' id='word_1_39' title='bbox 404 1180 582 1250; x_wconf 83' lang='lat' dir='ltr'><strong>omni</strong></span> <span class='ocrx_word' id='word_1_40' title='bbox 603 1193 827 1241; x_wconf 88' lang='lat' dir='ltr'><strong>senatu</strong></span> <span class='ocrx_word' id='word_1_41' title='bbox 848 1178 988 1259; x_wconf 75' lang='lat' dir='ltr'><strong>ejus</strong></span> <span class='ocrx_word' id='word_1_42' title='bbox 1009 1178 1348 1240; x_wconf 77' lang='lat' dir='ltr'><strong>arbitrium</strong></span> <span class='ocrx_word' id='word_1_43' title='bbox 1368 1176 1473 1238; x_wconf 89' lang='lat' dir='ltr'><strong>die</strong></span> <span class='ocrx_word' id='word_1_44' title='bbox 1491 1178 1725 1242; x_wconf 80' lang='lat' dir='ltr'><strong><em>XXIV.</em></strong></span> 
     </span>
     <span class='ocr_line' id='line_1_8' title="bbox 202 1279 1724 1363; baseline 0.001 -26"><span class='ocrx_word' id='word_1_45' title='bbox 202 1279 496 1355; x_wconf 80' lang='lat' dir='ltr'><strong>Martii,</strong></span> <span class='ocrx_word' id='word_1_46' title='bbox 557 1301 685 1363; x_wconf 87' lang='lat' dir='ltr'><strong>quo</strong></span> <span class='ocrx_word' id='word_1_47' title='bbox 738 1285 1013 1342; x_wconf 81' lang='lat' dir='ltr'><strong>Romam</strong></span> <span class='ocrx_word' id='word_1_48' title='bbox 1073 1279 1365 1361; x_wconf 83' lang='lat' dir='ltr'><strong>perlatus</strong></span> <span class='ocrx_word' id='word_1_49' title='bbox 1425 1279 1724 1355; x_wconf 82' lang='lat' dir='ltr'><strong>nuncius,</strong></span> 
     </span>
     <span class='ocr_line' id='line_1_9' title="bbox 200 1379 1482 1464; baseline -0.002 -21"><span class='ocrx_word' id='word_1_50' title='bbox 200 1381 687 1444; x_wconf 81' lang='lat' dir='ltr'><strong>communibus</strong></span> <span class='ocrx_word' id='word_1_51' title='bbox 725 1383 955 1445; x_wconf 83' lang='lat' dir='ltr'><strong>studiis</strong></span> <span class='ocrx_word' id='word_1_52' title='bbox 990 1379 1482 1464; x_wconf 77' lang='lat' dir='ltr'><strong>comprobante.</strong></span> 
     </span>
    </p>
   </div>
   <div class='ocr_carea' id='block_1_5' title="bbox 288 1566 1562 1867">
    <p class='ocr_par' dir='ltr' id='par_1_5' title="bbox 288 1566 1562 1867">
     <span class='ocr_line' id='line_1_10' title="bbox 512 1566 1380 1653; baseline -0.006 0"><span class='ocrx_word' id='word_1_53' title='bbox 512 1566 519 1573; x_wconf 70' lang='grc'><strong>’</strong></span> <span class='ocrx_word' id='word_1_54' title='bbox 563 1592 635 1653; x_wconf 80' lang='lat' dir='ltr'><strong><em>V.</em></strong></span> <span class='ocrx_word' id='word_1_55' title='bbox 674 1591 736 1650; x_wconf 78' lang='lat' dir='ltr'><strong>c,</strong></span> <span class='ocrx_word' id='word_1_56' title='bbox 782 1595 964 1650; x_wconf 74' lang='lat'><strong><em>1021.</em></strong></span> <span class='ocrx_word' id='word_1_57' title='bbox 1010 1589 1082 1649; x_wconf 80' lang='grc' dir='ltr'><strong>Ρ.</strong></span> <span class='ocrx_word' id='word_1_58' title='bbox 1116 1590 1201 1648; x_wconf 85' lang='grc' dir='ltr'><strong>Χ.</strong></span> <span class='ocrx_word' id='word_1_59' title='bbox 1226 1594 1380 1649; x_wconf 79' lang='lat'><strong><em>268.</em></strong></span> 
     </span>
     <span class='ocr_line' id='line_1_11' title="bbox 288 1682 1562 1753; baseline -0.003 0"><span class='ocrx_word' id='word_1_60' title='bbox 288 1702 293 1707; x_wconf 77' lang='grc'>’</span> <span class='ocrx_word' id='word_1_61' title='bbox 371 1692 502 1753; x_wconf 79' lang='lat' dir='ltr'><strong><em>TR.</em></strong></span> <span class='ocrx_word' id='word_1_62' title='bbox 546 1693 618 1750; x_wconf 97' lang='lat' dir='ltr'><strong><em>P.</em></strong></span> <span class='ocrx_word' id='word_1_63' title='bbox 666 1682 841 1751; x_wconf 62' lang='lat'><strong><em>008⁵.</em></strong></span> <span class='ocrx_word' id='word_1_64' title='bbox 884 1691 1073 1749; x_wconf 77' lang='lat' dir='ltr'><strong><em>DES.</em></strong></span> <span class='ocrx_word' id='word_1_65' title='bbox 1121 1690 1193 1747; x_wconf 94' lang='lat' dir='ltr'><strong><em>P.</em></strong></span> <span class='ocrx_word' id='word_1_66' title='bbox 1245 1690 1328 1749; x_wconf 85' lang='lat' dir='ltr'><strong><em>M.</em></strong></span> <span class='ocrx_word' id='word_1_67' title='bbox 1373 1689 1445 1746; x_wconf 89' lang='lat' dir='ltr'><strong>P.</strong></span> <span class='ocrx_word' id='word_1_68' title='bbox 1491 1688 1562 1749; x_wconf 90' lang='lat' dir='ltr'><strong>P.</strong></span> 
     </span>
     <span class='ocr_line' id='line_1_12' title="bbox 471 1791 1489 1867; baseline -0.006 -12"><span class='ocrx_word' id='word_1_69' title='bbox 471 1796 749 1867; x_wconf 72' lang='lat' dir='ltr'><strong>Paterno</strong></span> <span class='ocrx_word' id='word_1_70' title='bbox 779 1793 873 1855; x_wconf 89' lang='lat'><strong>11.</strong></span> <span class='ocrx_word' id='word_1_71' title='bbox 896 1833 913 1864; x_wconf 92' lang='lat'>‚</span> <span class='ocrx_word' id='word_1_72' title='bbox 959 1791 1331 1851; x_wconf 64' lang='lat' dir='ltr'><strong>Marinianio</strong></span> <span class='ocrx_word' id='word_1_73' title='bbox 1360 1808 1489 1850; x_wconf 74' lang='lat' dir='ltr'><strong>coa.</strong></span> 
     </span>
    </p>
   </div>
   <div class='ocr_carea' id='block_1_6' title="bbox 208 1990 1753 2579">
    <p class='ocr_par' dir='ltr' id='par_1_6' title="bbox 208 1990 1753 2475">
     <span class='ocr_line' id='line_1_13' title="bbox 274 1990 1753 2075; baseline -0.001 -19"><span class='ocrx_word' id='word_1_74' title='bbox 274 2012 289 2028; x_wconf 81' lang='grc'><strong><em>’</em></strong></span> <span class='ocrx_word' id='word_1_75' title='bbox 346 1991 722 2058; x_wconf 81' lang='lat' dir='ltr'><strong>Gallienum</strong></span> <span class='ocrx_word' id='word_1_76' title='bbox 759 1992 829 2052; x_wconf 91' lang='lat' dir='ltr'><strong>in</strong></span> <span class='ocrx_word' id='word_1_77' title='bbox 860 2010 1136 2075; x_wconf 85' lang='lat' dir='ltr'><strong>superos</strong></span> <span class='ocrx_word' id='word_1_78' title='bbox 1178 1990 1410 2054; x_wconf 86' lang='lat' dir='ltr'><strong>refert.</strong></span> <span class='ocrx_word' id='word_1_79' title='bbox 1471 1991 1753 2055; x_wconf 82' lang='lat' dir='ltr'><strong>Aureo·.</strong></span> 
     </span>
     <span class='ocr_line' id='line_1_14' title="bbox 208 2092 1718 2177; baseline -0.001 -22"><span class='ocrx_word' id='word_1_80' title='bbox 208 2096 324 2155; x_wconf 87' lang='lat' dir='ltr'><strong>lus</strong></span> <span class='ocrx_word' id='word_1_81' title='bbox 364 2094 619 2177; x_wconf 86' lang='lat' dir='ltr'><strong>praelio</strong></span> <span class='ocrx_word' id='word_1_82' title='bbox 678 2093 958 2153; x_wconf 84' lang='lat' dir='ltr'><strong>inferior</strong></span> <span class='ocrx_word' id='word_1_83' title='bbox 1002 2093 1273 2156; x_wconf 82' lang='lat' dir='ltr'><strong>victoris</strong></span> <span class='ocrx_word' id='word_1_84' title='bbox 1325 2112 1395 2153; x_wconf 88' lang='lat' dir='ltr'><strong>se</strong></span> <span class='ocrx_word' id='word_1_85' title='bbox 1447 2092 1718 2154; x_wconf 87' lang='lat' dir='ltr'><strong>arbitrio</strong></span> 
     </span>
     <span class='ocr_line' id='line_1_15' title="bbox 215 2189 1721 2277; baseline -0.002 -22"><span class='ocrx_word' id='word_1_86' title='bbox 215 2195 585 2277; x_wconf 84' lang='lat' dir='ltr'><strong>permittit,</strong></span> <span class='ocrx_word' id='word_1_87' title='bbox 636 2195 753 2254; x_wconf 81' lang='lat' dir='ltr'><strong>sed</strong></span> <span class='ocrx_word' id='word_1_88' title='bbox 806 2189 885 2255; x_wconf 60' lang='lat' dir='ltr'><strong>ab</strong></span> <span class='ocrx_word' id='word_1_89' title='bbox 917 2194 1099 2255; x_wconf 84' lang='lat' dir='ltr'><strong>iratis</strong></span> <span class='ocrx_word' id='word_1_90' title='bbox 1146 2191 1462 2253; x_wconf 74' lang='lat' dir='ltr'>militibus</span> <span class='ocrx_word' id='word_1_91' title='bbox 1507 2190 1721 2253; x_wconf 85' lang='lat' dir='ltr'><strong>caedi-</strong></span> 
     </span>
     <span class='ocr_line' id='line_1_16' title="bbox 219 2293 1716 2376; baseline -0.001 -22"><span class='ocrx_word' id='word_1_92' title='bbox 219 2311 356 2359; x_wconf 88' lang='lat' dir='ltr'><strong>tur.</strong></span> <span class='ocrx_word' id='word_1_93' title='bbox 448 2295 840 2356; x_wconf 77' lang='lat' dir='ltr'><strong>Alamannos</strong></span> <span class='ocrx_word' id='word_1_94' title='bbox 893 2295 1220 2356; x_wconf 85' lang='lat' dir='ltr'><strong>irruentes</strong></span> <span class='ocrx_word' id='word_1_95' title='bbox 1258 2312 1466 2376; x_wconf 89' lang='lat' dir='ltr'><strong>prope</strong></span> <span class='ocrx_word' id='word_1_96' title='bbox 1502 2293 1716 2354; x_wconf 81' lang='lat' dir='ltr'><strong>lacum</strong></span> 
     </span>
     <span class='ocr_line' id='line_1_17' title="bbox 217 2395 1398 2475; baseline -0.004 -17"><span class='ocrx_word' id='word_1_97' title='bbox 217 2400 557 2469; x_wconf 79' lang='lat' dir='ltr'><strong>Benacum</strong></span> <span class='ocrx_word' id='word_1_98' title='bbox 589 2396 1041 2458; x_wconf 75' lang='lat' dir='ltr'><strong>internecione</strong></span> <span class='ocrx_word' id='word_1_99' title='bbox 1070 2395 1283 2458; x_wconf 86' lang='lat' dir='ltr'><strong>caedit</strong></span> <span class='ocrx_word' id='word_1_100' title='bbox 1318 2395 1398 2475; x_wconf 76' lang='lat'><strong>¹).</strong></span> 
     </span>
    </p>

    <p class='ocr_par' dir='ltr' id='par_1_7' title="bbox 348 2495 1459 2579">
     <span class='ocr_line' id='line_1_18' title="bbox 348 2495 1459 2579; baseline -0.001 -18"><span class='ocrx_word' id='word_1_101' title='bbox 348 2498 535 2561; x_wconf 86' lang='lat' dir='ltr'><strong>Certi</strong></span> <span class='ocrx_word' id='word_1_102' title='bbox 571 2498 722 2559; x_wconf 80' lang='lat' dir='ltr'><strong>anni</strong></span> <span class='ocrx_word' id='word_1_103' title='bbox 754 2495 947 2579; x_wconf 85' lang='lat' dir='ltr'><strong>hujus</strong></span> <span class='ocrx_word' id='word_1_104' title='bbox 978 2497 1160 2559; x_wconf 88' lang='lat' dir='ltr'><strong>numi</strong></span> <span class='ocrx_word' id='word_1_105' title='bbox 1199 2496 1459 2560; x_wconf 81' lang='lat' dir='ltr'><strong>desunt.</strong></span> 
     </span>
    </p>
   </div>
   <div class='ocr_carea' id='block_1_7' title="bbox 439 2704 1526 2875">
    <p class='ocr_par' dir='ltr' id='par_1_8' title="bbox 439 2704 1526 2875">
     <span class='ocr_line' id='line_1_19' title="bbox 554 2704 1369 2765; baseline -0.006 -1"><span class='ocrx_word' id='word_1_106' title='bbox 554 2706 630 2764; x_wconf 82' lang='lat' dir='ltr'><strong><em>V.</em></strong></span> <span class='ocrx_word' id='word_1_107' title='bbox 663 2705 728 2763; x_wconf 80' lang='grc'><strong>0.</strong></span> <span class='ocrx_word' id='word_1_108' title='bbox 773 2709 955 2764; x_wconf 74' lang='lat'><strong><em>1022.</em></strong></span> <span class='ocrx_word' id='word_1_109' title='bbox 1005 2704 1071 2761; x_wconf 86' lang='lat' dir='ltr'><strong><em>P.</em></strong></span> <span class='ocrx_word' id='word_1_110' title='bbox 1104 2704 1185 2762; x_wconf 83' lang='lat' dir='ltr'><strong><em>X.</em></strong></span> <span class='ocrx_word' id='word_1_111' title='bbox 1222 2708 1369 2765; x_wconf 76' lang='lat'><strong><em>269.</em></strong></span> 
     </span>
     <span class='ocr_line' id='line_1_20' title="bbox 439 2796 1526 2875; baseline -0.004 -8"><span class='ocrx_word' id='word_1_112' title='bbox 439 2808 562 2867; x_wconf 69' lang='lat' dir='ltr'><strong>Ta.</strong></span> <span class='ocrx_word' id='word_1_113' title='bbox 612 2808 678 2864; x_wconf 85' lang='lat' dir='ltr'><strong><em>P.</em></strong></span> <span class='ocrx_word' id='word_1_114' title='bbox 724 2802 812 2865; x_wconf 88' lang='lat'><strong><em>11.</em></strong></span> <span class='ocrx_word' id='word_1_115' title='bbox 863 2804 1039 2875; x_wconf 81' lang='lat' dir='ltr'><strong><em>COS.</em></strong></span> <span class='ocrx_word' id='word_1_116' title='bbox 1087 2796 1158 2861; x_wconf 88' lang='lat' dir='ltr'><strong>P.</strong></span> <span class='ocrx_word' id='word_1_117' title='bbox 1209 2805 1292 2861; x_wconf 81' lang='lat' dir='ltr'><strong><em>M.</em></strong></span> <span class='ocrx_word' id='word_1_118' title='bbox 1342 2806 1408 2862; x_wconf 85' lang='lat' dir='ltr'><strong><em>P.</em></strong></span> <span class='ocrx_word' id='word_1_119' title='bbox 1452 2802 1526 2864; x_wconf 85' lang='lat' dir='ltr'><strong><em>P.</em></strong></span> 
     </span>
    </p>
   </div>
   <div class='ocr_carea' id='block_1_8' title="bbox 389 2906 1543 2983">
    <p class='ocr_par' dir='ltr' id='par_1_9' title="bbox 389 2906 1543 2983">
     <span class='ocr_line' id='line_1_21' title="bbox 389 2906 1543 2983; baseline -0.002 -15"><span class='ocrx_word' id='word_1_120' title='bbox 389 2909 663 2971; x_wconf 79' lang='lat' dir='ltr'><strong>Claudio</strong></span> <span class='ocrx_word' id='word_1_121' title='bbox 707 2906 877 2983; x_wconf 69' lang='lat' dir='ltr'><strong>Any.</strong></span> <span class='ocrx_word' id='word_1_122' title='bbox 920 2906 1013 2965; x_wconf 89' lang='lat'><strong><em>11.</em></strong></span> <span class='ocrx_word' id='word_1_123' title='bbox 1033 2946 1051 2977; x_wconf 90' lang='lat'>‚</span> <span class='ocrx_word' id='word_1_124' title='bbox 1095 2906 1372 2965; x_wconf 83' lang='lat' dir='ltr'><strong>Paterno</strong></span> <span class='ocrx_word' id='word_1_125' title='bbox 1415 2924 1543 2966; x_wconf 74' lang='lat' dir='ltr'><strong>cos.</strong></span> 
     </span>
    </p>
   </div>
   <div class='ocr_carea' id='block_1_9' title="bbox 136 3103 1723 4101">
    <p class='ocr_par' dir='ltr' id='par_1_10' title="bbox 136 3103 1723 4101">
     <span class='ocr_line' id='line_1_22' title="bbox 358 3103 1717 3189; baseline -0.005 -18"><span class='ocrx_word' id='word_1_126' title='bbox 358 3108 558 3171; x_wconf 87' lang='lat' dir='ltr'><strong>Gothi</strong></span> <span class='ocrx_word' id='word_1_127' title='bbox 592 3104 830 3189; x_wconf 86' lang='lat' dir='ltr'><strong>paratis</strong></span> <span class='ocrx_word' id='word_1_128' title='bbox 866 3105 945 3166; x_wconf 81' lang='lat' dir='ltr'><strong>ad</strong></span> <span class='ocrx_word' id='word_1_129' title='bbox 966 3110 1182 3185; x_wconf 82' lang='lat' dir='ltr'><strong>Tyrae</strong></span> <span class='ocrx_word' id='word_1_130' title='bbox 1212 3103 1374 3166; x_wconf 87' lang='lat' dir='ltr'><strong>ostia</strong></span> <span class='ocrx_word' id='word_1_131' title='bbox 1402 3104 1502 3166; x_wconf 90' lang='lat' dir='ltr'><strong>bis</strong></span> <span class='ocrx_word' id='word_1_132' title='bbox 1534 3104 1717 3165; x_wconf 86' lang='lat' dir='ltr'><strong>mille</strong></span> 
     </span>
     <span class='ocr_line' id='line_1_23' title="bbox 152 3205 1723 3286; baseline -0.006 -10"><span class='ocrx_word' id='word_1_133' title='bbox 152 3269 177 3286; x_wconf 64' lang='lat'>„</span> <span class='ocrx_word' id='word_1_134' title='bbox 227 3210 507 3275; x_wconf 79' lang='lat' dir='ltr'><strong>navibus</strong></span> <span class='ocrx_word' id='word_1_135' title='bbox 558 3206 704 3286; x_wconf 85' lang='lat' dir='ltr'><strong>(sex</strong></span> <span class='ocrx_word' id='word_1_136' title='bbox 741 3205 946 3266; x_wconf 81' lang='lat' dir='ltr'><strong>millia</strong></span> <span class='ocrx_word' id='word_1_137' title='bbox 990 3207 1188 3267; x_wconf 84' lang='lat' dir='ltr'><strong>tradit</strong></span> <span class='ocrx_word' id='word_1_138' title='bbox 1229 3207 1556 3285; x_wconf 75' lang='lat' dir='ltr'><strong>Zosimus)</strong></span> <span class='ocrx_word' id='word_1_139' title='bbox 1585 3206 1723 3266; x_wconf 56' lang='lat' dir='ltr'><strong>‘im-t</strong></span> 
     </span>
     <span class='ocr_line' id='line_1_24' title="bbox 232 3291 1721 3398; baseline -0.007 -24"><span class='ocrx_word' id='word_1_140' title='bbox 232 3311 590 3398; x_wconf 82' lang='lat' dir='ltr'><strong>positisque</strong></span> <span class='ocrx_word' id='word_1_141' title='bbox 638 3306 948 3368; x_wconf 82' lang='lat' dir='ltr'><strong>trecentis</strong></span> <span class='ocrx_word' id='word_1_142' title='bbox 993 3291 1560 3388; x_wconf 45' lang='lat' dir='ltr'><strong>vigintimilli&#39;bus</strong></span> <span class='ocrx_word' id='word_1_143' title='bbox 1602 3303 1721 3365; x_wconf 88' lang='lat' dir='ltr'><strong>ho·</strong></span> 
     </span>
     <span class='ocr_line' id='line_1_25' title="bbox 234 3405 1719 3490; baseline -0.007 -14"><span class='ocrx_word' id='word_1_144' title='bbox 234 3415 479 3476; x_wconf 84' lang='lat' dir='ltr'><strong>minum</strong></span> <span class='ocrx_word' id='word_1_145' title='bbox 558 3415 835 3482; x_wconf 74' lang='lat' dir='ltr'><strong>Tomos,</strong></span> <span class='ocrx_word' id='word_1_146' title='bbox 911 3406 1427 3490; x_wconf 85' lang='lat' dir='ltr'><strong>Marcianopolin</strong></span> <span class='ocrx_word' id='word_1_147' title='bbox 1450 3450 1466 3479; x_wconf 92' lang='lat'><strong>,</strong></span> <span class='ocrx_word' id='word_1_148' title='bbox 1531 3405 1719 3485; x_wconf 82' lang='lat' dir='ltr'><strong>Gyzi·</strong></span> 
     </span>
     <span class='ocr_line' id='line_1_26' title="bbox 237 3507 1718 3592; baseline -0.005 -16"><span class='ocrx_word' id='word_1_149' title='bbox 237 3534 379 3576; x_wconf 88' lang='lat' dir='ltr'><strong>cum</strong></span> <span class='ocrx_word' id='word_1_150' title='bbox 426 3525 696 3573; x_wconf 77' lang='lat' dir='ltr'><strong>tentant.</strong></span> <span class='ocrx_word' id='word_1_151' title='bbox 785 3508 1042 3592; x_wconf 89' lang='lat' dir='ltr'><strong>Vbique</strong></span> <span class='ocrx_word' id='word_1_152' title='bbox 1071 3507 1553 3589; x_wconf 85' lang='lat' dir='ltr'><strong>oppidanorum</strong></span> <span class='ocrx_word' id='word_1_153' title='bbox 1591 3512 1718 3578; x_wconf 73' lang='lat' dir='ltr'><strong>vir-</strong></span> 
     </span>
     <span class='ocr_line' id='line_1_27' title="bbox 233 3607 1714 3695; baseline -0.005 -20"><span class='ocrx_word' id='word_1_154' title='bbox 233 3628 368 3675; x_wconf 87' lang='lat' dir='ltr'><strong>tute</strong></span> <span class='ocrx_word' id='word_1_155' title='bbox 388 3614 617 3695; x_wconf 85' lang='lat' dir='ltr'><strong>rejecti</strong></span> <span class='ocrx_word' id='word_1_156' title='bbox 638 3617 758 3691; x_wconf 84' lang='lat' dir='ltr'><strong>p&#39;cr</strong></span> <span class='ocrx_word' id='word_1_157' title='bbox 778 3609 930 3671; x_wconf 83' lang='lat' dir='ltr'><strong>freti</strong></span> <span class='ocrx_word' id='word_1_158' title='bbox 952 3608 1278 3690; x_wconf 78' lang='lat' dir='ltr'><strong>angustias</strong></span> <span class='ocrx_word' id='word_1_159' title='bbox 1295 3607 1362 3668; x_wconf 90' lang='lat' dir='ltr'><strong>in</strong></span> <span class='ocrx_word' id='word_1_160' title='bbox 1386 3612 1714 3692; x_wconf 83' lang='lat' dir='ltr'><strong>Aegaeum</strong></span> 
     </span>
     <span class='ocr_line' id='line_1_28' title="bbox 233 3710 1716 3793; baseline -0.005 -15"><span class='ocrx_word' id='word_1_161' title='bbox 233 3715 400 3778; x_wconf 85' lang='lat' dir='ltr'><strong>enixi</strong></span> <span class='ocrx_word' id='word_1_162' title='bbox 434 3713 859 3776; x_wconf 86' lang='lat' dir='ltr'><strong>Macedoniae</strong></span> <span class='ocrx_word' id='word_1_163' title='bbox 896 3710 1095 3772; x_wconf 88' lang='lat' dir='ltr'><strong>urbes</strong></span> <span class='ocrx_word' id='word_1_164' title='bbox 1135 3724 1529 3793; x_wconf 79' lang='lat' dir='ltr'><strong>oppugnant.</strong></span> <span class='ocrx_word' id='word_1_165' title='bbox 1591 3712 1716 3775; x_wconf 83' lang='lat' dir='ltr'><strong>Ve-</strong></span> 
     </span>
     <span class='ocr_line' id='line_1_29' title="bbox 232 3810 1715 3902; baseline -0.005 -22"><span class='ocrx_word' id='word_1_166' title='bbox 232 3839 371 3880; x_wconf 86' lang='lat' dir='ltr'><strong>rum</strong></span> <span class='ocrx_word' id='word_1_167' title='bbox 399 3815 671 3902; x_wconf 73' lang='lat' dir='ltr'><strong>Claudio</strong></span> <span class='ocrx_word' id='word_1_168' title='bbox 706 3833 852 3875; x_wconf 88' lang='lat' dir='ltr'><strong>cum</strong></span> <span class='ocrx_word' id='word_1_169' title='bbox 886 3833 1119 3896; x_wconf 89' lang='lat' dir='ltr'><strong>magno</strong></span> <span class='ocrx_word' id='word_1_170' title='bbox 1158 3812 1451 3874; x_wconf 81' lang='lat' dir='ltr'><strong>exercitu</strong></span> <span class='ocrx_word' id='word_1_171' title='bbox 1478 3810 1715 3872; x_wconf 74' lang='lat' dir='ltr'><strong>adven⁴</strong></span> 
     </span>
     <span class='ocr_line' id='line_1_30' title="bbox 136 3911 1709 4002; baseline -0.005 -22"><span class='ocrx_word' id='word_1_172' title='bbox 136 3957 157 3970; x_wconf 81' lang='lat'><strong>·</strong></span> <span class='ocrx_word' id='word_1_173' title='bbox 234 3920 387 3980; x_wconf 86' lang='lat' dir='ltr'><strong>tanti</strong></span> <span class='ocrx_word' id='word_1_174' title='bbox 425 3918 679 3979; x_wconf 81' lang='lat' dir='ltr'><strong>obviam</strong></span> <span class='ocrx_word' id='word_1_175' title='bbox 714 3916 1048 4000; x_wconf 77' lang='lat' dir='ltr'><strong>progressi</strong></span> <span class='ocrx_word' id='word_1_176' title='bbox 1099 3911 1304 4002; x_wconf 70' lang='lat' dir='ltr'><strong>atroci</strong></span> <span class='ocrx_word' id='word_1_177' title='bbox 1355 3912 1605 3994; x_wconf 87' lang='lat' dir='ltr'><strong>praelio</strong></span> <span class='ocrx_word' id='word_1_178' title='bbox 1643 3911 1709 3972; x_wconf 85' lang='lat' dir='ltr'><strong>in</strong></span> 
     </span>
     <span class='ocr_line' id='line_1_31' title="bbox 234 4015 1714 4101; baseline -0.005 -20"><span class='ocrx_word' id='word_1_179' title='bbox 234 4021 472 4083; x_wconf 79' lang='lat' dir='ltr'><strong>Moesia</strong></span> <span class='ocrx_word' id='word_1_180' title='bbox 518 4018 860 4101; x_wconf 77' lang='lat' dir='ltr'><strong>superiore</strong></span> <span class='ocrx_word' id='word_1_181' title='bbox 926 4015 1281 4077; x_wconf 75' lang='lat' dir='ltr'><strong>vincuntur</strong></span> <span class='ocrx_word' id='word_1_182' title='bbox 1334 4035 1565 4096; x_wconf 84' lang='lat' dir='ltr'><strong>magna</strong></span> <span class='ocrx_word' id='word_1_183' title='bbox 1611 4035 1714 4073; x_wconf 93' lang='lat' dir='ltr'><strong>su-</strong></span> 
     </span>
    </p>
   </div>
   <div class='ocr_carea' id='block_1_10' title="bbox 1846 638 3345 873">
    <p class='ocr_par' dir='ltr' id='par_1_11' title="bbox 1846 638 3345 873">
     <span class='ocr_line' id='line_1_32' title="bbox 1846 638 3345 759; baseline 0.009 -27"><span class='ocrx_word' id='word_1_184' title='bbox 1846 644 1922 733; x_wconf 76' lang='grc' dir='ltr'>Ρί</span> <span class='ocrx_word' id='word_1_185' title='bbox 1956 676 2046 734; x_wconf 81' lang='grc' dir='ltr'><strong>Μ.</strong></span> <span class='ocrx_word' id='word_1_186' title='bbox 2085 674 2225 737; x_wconf 83' lang='lat' dir='ltr'><strong><em>TR.</em></strong></span> <span class='ocrx_word' id='word_1_187' title='bbox 2253 672 2330 736; x_wconf 79' lang='grc' dir='ltr'><strong><em>Ρ.</em></strong></span> <span class='ocrx_word' id='word_1_188' title='bbox 2360 675 2440 735; x_wconf 90' lang='lat'><strong>11.</strong></span> <span class='ocrx_word' id='word_1_189' title='bbox 2475 670 2670 738; x_wconf 75' lang='lat' dir='ltr'><strong><em>COS.</em></strong></span> <span class='ocrx_word' id='word_1_190' title='bbox 2697 638 2773 737; x_wconf 63' lang='grc' dir='ltr'><strong><em>ι’).</em></strong></span> <span class='ocrx_word' id='word_1_191' title='bbox 2805 674 2879 737; x_wconf 84' lang='grc' dir='ltr'><strong><em>Ρ.</em></strong></span> <span class='ocrx_word' id='word_1_192' title='bbox 2933 682 3101 759; x_wconf 68' lang='lat' dir='ltr'><strong>typis</strong></span> <span class='ocrx_word' id='word_1_193' title='bbox 3138 683 3345 745; x_wconf 66' lang='lat' dir='ltr'><strong>varis·</strong></span> 
     </span>
     <span class='ocr_line' id='line_1_33' title="bbox 1848 776 3112 873; baseline 0.003 -35"><span class='ocrx_word' id='word_1_194' title='bbox 1848 778 2078 840; x_wconf 77' lang='lat' dir='ltr'><strong>obviis.</strong></span> <span class='ocrx_word' id='word_1_195' title='bbox 2108 777 2246 840; x_wconf 81' lang='grc' dir='ltr'><strong>ΔΕ.</strong></span> <span class='ocrx_word' id='word_1_196' title='bbox 2276 776 2386 836; x_wconf 90' lang='lat'><strong><em>111.</em></strong></span> <span class='ocrx_word' id='word_1_197' title='bbox 2421 776 2620 856; x_wconf 78' lang='lat' dir='ltr'><strong>(Mus.</strong></span> <span class='ocrx_word' id='word_1_198' title='bbox 2655 778 2838 839; x_wconf 84' lang='lat' dir='ltr'><strong>Caes.</strong></span> <span class='ocrx_word' id='word_1_199' title='bbox 2870 776 3112 873; x_wconf 84' lang='lat' dir='ltr'><strong>Band.)</strong></span> 
     </span>
    </p>
   </div>
   <div class='ocr_carea' id='block_1_11' title="bbox 2027 981 3146 1152">
    <p class='ocr_par' dir='ltr' id='par_1_12' title="bbox 2027 981 3146 1152">
     <span class='ocr_line' id='line_1_34' title="bbox 2182 981 2992 1047; baseline 0.01 -8"><span class='ocrx_word' id='word_1_200' title='bbox 2182 982 2253 1039; x_wconf 87' lang='lat' dir='ltr'><strong><em>V.</em></strong></span> <span class='ocrx_word' id='word_1_201' title='bbox 2292 981 2353 1040; x_wconf 86' lang='lat' dir='ltr'><strong><em>C.</em></strong></span> <span class='ocrx_word' id='word_1_202' title='bbox 2392 987 2576 1042; x_wconf 73' lang='lat'><strong><em>1023.</em></strong></span> <span class='ocrx_word' id='word_1_203' title='bbox 2620 983 2690 1040; x_wconf 94' lang='lat' dir='ltr'><strong><em>P.</em></strong></span> <span class='ocrx_word' id='word_1_204' title='bbox 2722 984 2806 1042; x_wconf 86' lang='grc' dir='ltr'><strong>Χ.</strong></span> <span class='ocrx_word' id='word_1_205' title='bbox 2846 991 2992 1047; x_wconf 81' lang='lat'><strong><em>270.</em></strong></span> 
     </span>
     <span class='ocr_line' id='line_1_35' title="bbox 2027 1081 3146 1152; baseline 0.004 -10"><span class='ocrx_word' id='word_1_206' title='bbox 2027 1083 2152 1142; x_wconf 68' lang='lat' dir='ltr'><strong><em>Tu.</em></strong></span> <span class='ocrx_word' id='word_1_207' title='bbox 2197 1081 2268 1139; x_wconf 88' lang='grc' dir='ltr'><strong>Ρ.</strong></span> <span class='ocrx_word' id='word_1_208' title='bbox 2317 1083 2439 1142; x_wconf 90' lang='grc' dir='ltr'><strong><em>ΙΙΙ.</em></strong></span> <span class='ocrx_word' id='word_1_209' title='bbox 2489 1082 2662 1142; x_wconf 87' lang='lat' dir='ltr'><strong><em>COS.</em></strong></span> <span class='ocrx_word' id='word_1_210' title='bbox 2713 1086 2781 1143; x_wconf 83' lang='grc' dir='ltr'><strong>Ρ.</strong></span> <span class='ocrx_word' id='word_1_211' title='bbox 2828 1088 2914 1146; x_wconf 87' lang='grc' dir='ltr'><strong>Μ.</strong></span> <span class='ocrx_word' id='word_1_212' title='bbox 2963 1089 3024 1152; x_wconf 84' lang='grc' dir='ltr'><strong>Ρ.</strong></span> <span class='ocrx_word' id='word_1_213' title='bbox 3075 1091 3146 1149; x_wconf 91' lang='grc' dir='ltr'><strong>Ρ.</strong></span> 
     </span>
    </p>
   </div>
   <div class='ocr_carea' id='block_1_12' title="bbox 2145 1183 3017 1264">
    <p class='ocr_par' dir='ltr' id='par_1_13' title="bbox 2145 1183 3017 1264">
     <span class='ocr_line' id='line_1_36' title="bbox 2145 1183 3017 1264; baseline 0.007 -21"><span class='ocrx_word' id='word_1_214' title='bbox 2145 1183 2577 1244; x_wconf 68' lang='lat' dir='ltr'><strong>Antiochiano</strong></span> <span class='ocrx_word' id='word_1_215' title='bbox 2601 1224 2619 1256; x_wconf 88' lang='lat'><strong>‚</strong></span> <span class='ocrx_word' id='word_1_216' title='bbox 2668 1186 2858 1264; x_wconf 81' lang='lat' dir='ltr'><strong>Orfito</strong></span> <span class='ocrx_word' id='word_1_217' title='bbox 2886 1206 3017 1250; x_wconf 74' lang='lat' dir='ltr'><strong>cos.</strong></span> 
     </span>
    </p>
   </div>
   <div class='ocr_carea' id='block_1_13' title="bbox 1968 1376 3341 1471">
    <p class='ocr_par' dir='ltr' id='par_1_14' title="bbox 1968 1376 3341 1471">
     <span class='ocr_line' id='line_1_37' title="bbox 1968 1376 3341 1471; baseline 0.004 -26"><span class='ocrx_word' id='word_1_218' title='bbox 1968 1376 2226 1445; x_wconf 77' lang='lat' dir='ltr'><strong>Gothos</strong></span> <span class='ocrx_word' id='word_1_219' title='bbox 2260 1382 2430 1444; x_wconf 85' lang='lat' dir='ltr'><strong>intra</strong></span> <span class='ocrx_word' id='word_1_220' title='bbox 2461 1383 2696 1445; x_wconf 87' lang='lat' dir='ltr'><strong>Haemi</strong></span> <span class='ocrx_word' id='word_1_221' title='bbox 2731 1383 3014 1471; x_wconf 82' lang='lat' dir='ltr'><strong>latebras</strong></span> <span class='ocrx_word' id='word_1_222' title='bbox 3048 1388 3341 1453; x_wconf 41' lang='lat' dir='ltr'><strong>interne*</strong></span> 
     </span>
    </p>
   </div>
   <div class='ocr_carea' id='block_1_14' title="bbox 1824 1482 3334 1568">
    <p class='ocr_par' dir='ltr' id='par_1_15' title="bbox 1824 1482 3334 1568">
     <span class='ocr_line' id='line_1_38' title="bbox 1824 1482 3334 1568; baseline 0.005 -21"><span class='ocrx_word' id='word_1_223' title='bbox 1824 1484 2031 1549; x_wconf 75' lang='lat' dir='ltr'><strong>‚cione</strong></span> <span class='ocrx_word' id='word_1_224' title='bbox 2075 1483 2290 1559; x_wconf 81' lang='lat' dir='ltr'><strong>delet,</strong></span> <span class='ocrx_word' id='word_1_225' title='bbox 2359 1482 2672 1547; x_wconf 80' lang='lat' dir='ltr'><strong>dedititiis</strong></span> <span class='ocrx_word' id='word_1_226' title='bbox 2724 1488 2958 1568; x_wconf 79' lang='lat' dir='ltr'><strong>partim</strong></span> <span class='ocrx_word' id='word_1_227' title='bbox 3023 1489 3089 1551; x_wconf 90' lang='lat' dir='ltr'><strong>in</strong></span> <span class='ocrx_word' id='word_1_228' title='bbox 3149 1510 3334 1554; x_wconf 84' lang='lat' dir='ltr'><strong>exer·</strong></span> 
     </span>
    </p>
   </div>
   <div class='ocr_carea' id='block_1_15' title="bbox 1836 1585 3337 1876">
    <p class='ocr_par' dir='ltr' id='par_1_16' title="bbox 1836 1585 3337 1876">
     <span class='ocr_line' id='line_1_39' title="bbox 1838 1585 3337 1671; baseline 0.006 -25"><span class='ocrx_word' id='word_1_229' title='bbox 1838 1586 2038 1648; x_wconf 88' lang='lat' dir='ltr'><strong>citum</strong></span> <span class='ocrx_word' id='word_1_230' title='bbox 2090 1585 2403 1659; x_wconf 57' lang='lat' dir='ltr'><strong>allectis,</strong></span> <span class='ocrx_word' id='word_1_231' title='bbox 2463 1587 2700 1668; x_wconf 90' lang='lat' dir='ltr'><strong>partim</strong></span> <span class='ocrx_word' id='word_1_232' title='bbox 2747 1587 2829 1648; x_wconf 87' lang='lat' dir='ltr'><strong>ad</strong></span> <span class='ocrx_word' id='word_1_233' title='bbox 2861 1610 3025 1671; x_wconf 85' lang='lat' dir='ltr'><strong>opus</strong></span> <span class='ocrx_word' id='word_1_234' title='bbox 3060 1593 3200 1653; x_wconf 85' lang='lat' dir='ltr'><strong>ruri</strong></span> <span class='ocrx_word' id='word_1_235' title='bbox 3242 1593 3337 1657; x_wconf 80' lang='lat' dir='ltr'><strong>sa·</strong></span> 
     </span>
     <span class='ocr_line' id='line_1_40' title="bbox 1838 1684 3334 1775; baseline -0.003 -26"><span class='ocrx_word' id='word_1_236' title='bbox 1838 1684 2142 1749; x_wconf 83' lang='lat' dir='ltr'><strong>ciendum</strong></span> <span class='ocrx_word' id='word_1_237' title='bbox 2167 1687 2438 1749; x_wconf 87' lang='lat' dir='ltr'><strong>adactis.</strong></span> <span class='ocrx_word' id='word_1_238' title='bbox 2486 1689 2682 1748; x_wconf 84' lang='lat' dir='ltr'><strong>Peste</strong></span> <span class='ocrx_word' id='word_1_239' title='bbox 2716 1701 2850 1749; x_wconf 90' lang='lat' dir='ltr'><strong>tum</strong></span> <span class='ocrx_word' id='word_1_240' title='bbox 2886 1690 3016 1752; x_wconf 86' lang='lat' dir='ltr'><strong>late</strong></span> <span class='ocrx_word' id='word_1_241' title='bbox 3039 1714 3334 1775; x_wconf 75' lang='lat' dir='ltr'><strong>grassan-</strong></span> 
     </span>
     <span class='ocr_line' id='line_1_41' title="bbox 1836 1788 3331 1876; baseline 0.005 -27"><span class='ocrx_word' id='word_1_242' title='bbox 1836 1800 1903 1849; x_wconf 89' lang='lat' dir='ltr'><strong>te</strong></span> <span class='ocrx_word' id='word_1_243' title='bbox 1969 1801 2315 1871; x_wconf 84' lang='lat' dir='ltr'><strong>correptus</strong></span> <span class='ocrx_word' id='word_1_244' title='bbox 2383 1788 2527 1871; x_wconf 84' lang='lat' dir='ltr'><strong>ipsc</strong></span> <span class='ocrx_word' id='word_1_245' title='bbox 2591 1788 2900 1851; x_wconf 84' lang='lat' dir='ltr'><strong>Claudius</strong></span> <span class='ocrx_word' id='word_1_246' title='bbox 2962 1794 3133 1876; x_wconf 87' lang='lat' dir='ltr'><strong>apud</strong></span> <span class='ocrx_word' id='word_1_247' title='bbox 3196 1796 3331 1857; x_wconf 85' lang='lat' dir='ltr'><strong>Sir-</strong></span> 
     </span>
    </p>
   </div>
   <div class='ocr_carea' id='block_1_16' title="bbox 1782 1889 3333 1974">
    <p class='ocr_par' dir='ltr' id='par_1_17' title="bbox 1782 1889 3333 1974">
     <span class='ocr_line' id='line_1_42' title="bbox 1782 1889 3333 1974; baseline 0.008 -26"><span class='ocrx_word' id='word_1_248' title='bbox 1782 1960 1798 1971; x_wconf 41' lang='lat'><strong><em>⁴</em></strong></span> <span class='ocrx_word' id='word_1_249' title='bbox 1836 1889 2037 1949; x_wconf 87' lang='lat' dir='ltr'><strong>mium</strong></span> <span class='ocrx_word' id='word_1_250' title='bbox 2084 1890 2462 1951; x_wconf 83' lang='lat' dir='ltr'><strong>Pannoniae</strong></span> <span class='ocrx_word' id='word_1_251' title='bbox 2507 1891 2948 1974; x_wconf 82' lang='lat' dir='ltr'><strong>exstinguitur</strong></span> <span class='ocrx_word' id='word_1_252' title='bbox 3009 1895 3333 1961; x_wconf 86' lang='lat' dir='ltr'><strong>incertum</strong></span> 
     </span>
    </p>
   </div>
   <div class='ocr_carea' id='block_1_17' title="bbox 1830 1995 3330 2797">
    <p class='ocr_par' dir='ltr' id='par_1_18' title="bbox 1837 1995 2526 2074">
     <span class='ocr_line' id='line_1_43' title="bbox 1837 1995 2526 2074; baseline 0.004 -24"><span class='ocrx_word' id='word_1_253' title='bbox 1837 1995 1967 2074; x_wconf 87' lang='lat' dir='ltr'><strong>qu&#39;o</strong></span> <span class='ocrx_word' id='word_1_254' title='bbox 2014 2010 2259 2052; x_wconf 83' lang='lat' dir='ltr'><strong>mense.</strong></span> <span class='ocrx_word' id='word_1_255' title='bbox 2516 2055 2526 2064; x_wconf 74' lang='lat'>‚</span> 
     </span>
    </p>

    <p class='ocr_par' dir='ltr' id='par_1_19' title="bbox 1830 2091 3330 2797">
     <span class='ocr_line' id='line_1_44' title="bbox 1925 2091 3330 2180; baseline 0.008 -31"><span class='ocrx_word' id='word_1_256' title='bbox 1925 2092 2028 2151; x_wconf 83' lang='lat' dir='ltr'><strong>Ex</strong></span> <span class='ocrx_word' id='word_1_257' title='bbox 2050 2092 2334 2152; x_wconf 91' lang='lat' dir='ltr'><strong>unanimi</strong></span> <span class='ocrx_word' id='word_1_258' title='bbox 2350 2091 2814 2154; x_wconf 87' lang='lat' dir='ltr'><strong>historicorum</strong></span> <span class='ocrx_word' id='word_1_259' title='bbox 2839 2114 3159 2157; x_wconf 82' lang='lat' dir='ltr'><strong>consensu</strong></span> <span class='ocrx_word' id='word_1_260' title='bbox 3180 2119 3330 2180; x_wconf 85' lang='lat' dir='ltr'><strong>pro·</strong></span> 
     </span>
     <span class='ocr_line' id='line_1_45' title="bbox 1833 2195 3327 2276; baseline 0.007 -26"><span class='ocrx_word' id='word_1_261' title='bbox 1833 2207 1983 2275; x_wconf 84' lang='lat' dir='ltr'><strong>pter</strong></span> <span class='ocrx_word' id='word_1_262' title='bbox 2018 2210 2270 2255; x_wconf 85' lang='lat' dir='ltr'><strong>morum</strong></span> <span class='ocrx_word' id='word_1_263' title='bbox 2296 2195 2779 2276; x_wconf 65' lang='lat' dir='ltr'><strong>integritatem,</strong></span> <span class='ocrx_word' id='word_1_264' title='bbox 2823 2195 3157 2276; x_wconf 79' lang='lat' dir='ltr'><strong>justitiam,</strong></span> <span class='ocrx_word' id='word_1_265' title='bbox 3192 2199 3327 2261; x_wconf 86' lang='lat' dir='ltr'><strong>fru-</strong></span> 
     </span>
     <span class='ocr_line' id='line_1_46' title="bbox 1836 2294 3328 2376; baseline 0.007 -24"><span class='ocrx_word' id='word_1_266' title='bbox 1836 2294 2208 2376; x_wconf 84' lang='lat' dir='ltr'><strong>galitatem,</strong></span> <span class='ocrx_word' id='word_1_267' title='bbox 2257 2295 2566 2357; x_wconf 84' lang='lat' dir='ltr'><strong>virtutem</strong></span> <span class='ocrx_word' id='word_1_268' title='bbox 2621 2294 2927 2357; x_wconf 87' lang='lat' dir='ltr'><strong>bellicam</strong></span> <span class='ocrx_word' id='word_1_269' title='bbox 2975 2297 3150 2361; x_wconf 90' lang='lat' dir='ltr'><strong>inter</strong></span> <span class='ocrx_word' id='word_1_270' title='bbox 3189 2301 3328 2363; x_wconf 87' lang='lat' dir='ltr'><strong>lau-</strong></span> 
     </span>
     <span class='ocr_line' id='line_1_47' title="bbox 1834 2395 3326 2478; baseline 0.005 -21"><span class='ocrx_word' id='word_1_271' title='bbox 1834 2396 2205 2457; x_wconf 78' lang='lat' dir='ltr'><strong>datissimus</strong></span> <span class='ocrx_word' id='word_1_272' title='bbox 2240 2396 2569 2478; x_wconf 84' lang='lat' dir='ltr'><strong>principes</strong></span> <span class='ocrx_word' id='word_1_273' title='bbox 2604 2395 2912 2457; x_wconf 85' lang='lat' dir='ltr'><strong>eximium</strong></span> <span class='ocrx_word' id='word_1_274' title='bbox 2971 2399 3186 2463; x_wconf 87' lang='lat' dir='ltr'><strong>locum</strong></span> <span class='ocrx_word' id='word_1_275' title='bbox 3225 2416 3326 2465; x_wconf 87' lang='lat' dir='ltr'><strong>est</strong></span> 
     </span>
     <span class='ocr_line' id='line_1_48' title="bbox 1833 2496 3329 2585; baseline 0.007 -30"><span class='ocrx_word' id='word_1_276' title='bbox 1833 2498 2254 2579; x_wconf 82' lang='lat' dir='ltr'><strong>pro&#39;meritus.</strong></span> <span class='ocrx_word' id='word_1_277' title='bbox 2341 2499 2413 2556; x_wconf 90' lang='lat' dir='ltr'><strong>In</strong></span> <span class='ocrx_word' id='word_1_278' title='bbox 2459 2496 2665 2575; x_wconf 74' lang='lat' dir='ltr'><strong>majus</strong></span> <span class='ocrx_word' id='word_1_279' title='bbox 2727 2498 2984 2561; x_wconf 80' lang='lat' dir='ltr'><strong>auxisse</strong></span> <span class='ocrx_word' id='word_1_280' title='bbox 3050 2503 3191 2585; x_wconf 86' lang='lat' dir='ltr'><strong>ejus</strong></span> <span class='ocrx_word' id='word_1_281' title='bbox 3235 2504 3329 2566; x_wconf 84' lang='lat' dir='ltr'><strong>fa·</strong></span> 
     </span>
     <span class='ocr_line' id='line_1_49' title="bbox 1834 2576 3322 2684; baseline 0.005 -26"><span class='ocrx_word' id='word_1_282' title='bbox 1834 2618 2005 2658; x_wconf 89' lang='lat' dir='ltr'><strong>mam</strong></span> <span class='ocrx_word' id='word_1_283' title='bbox 2065 2607 2185 2680; x_wconf 84' lang='lat' dir='ltr'><strong>per&#39;</strong></span> <span class='ocrx_word' id='word_1_284' title='bbox 2244 2597 2682 2673; x_wconf 79' lang='lat' dir='ltr'><strong>adulationem</strong></span> <span class='ocrx_word' id='word_1_285' title='bbox 2764 2598 2974 2661; x_wconf 77' lang='lat' dir='ltr'><strong>videri</strong></span> <span class='ocrx_word' id='word_1_286' title='bbox 3012 2576 3322 2684; x_wconf 62' lang='lat' dir='ltr'><strong>spossent,</strong></span> 
     </span>
     <span class='ocr_line' id='line_1_50' title="bbox 1830 2699 3322 2797; baseline 0.005 -38"><span class='ocrx_word' id='word_1_287' title='bbox 1830 2700 2005 2783; x_wconf 77' lang='lat' dir='ltr'><strong>qu‘od</strong></span> <span class='ocrx_word' id='word_1_288' title='bbox 2040 2721 2268 2761; x_wconf 87' lang='lat' dir='ltr'><strong>eorum</strong></span> <span class='ocrx_word' id='word_1_289' title='bbox 2300 2699 2598 2781; x_wconf 83' lang='lat' dir='ltr'><strong>plerique</strong></span> <span class='ocrx_word' id='word_1_290' title='bbox 2636 2699 2756 2763; x_wconf 88' lang='lat' dir='ltr'><strong>sub</strong></span> <span class='ocrx_word' id='word_1_291' title='bbox 2780 2700 3139 2797; x_wconf 59' lang='lat' dir='ltr'><strong>Constantii</strong></span> <span class='ocrx_word' id='word_1_292' title='bbox 3169 2726 3322 2787; x_wconf 83' lang='lat' dir='ltr'><strong>pro·-</strong></span> 
     </span>
    </p>
   </div>
   <div class='ocr_carea' id='block_1_18' title="bbox 1769 2796 3324 2883">
    <p class='ocr_par' dir='ltr' id='par_1_20' title="bbox 1769 2796 3324 2883">
     <span class='ocr_line' id='line_1_51' title="bbox 1769 2796 3324 2883; baseline -0.003 -22"><span class='ocrx_word' id='word_1_293' title='bbox 1769 2796 1773 2800; x_wconf 57' lang='grc'><strong><em>’</em></strong></span> <span class='ocrx_word' id='word_1_294' title='bbox 1833 2802 2024 2880; x_wconf 81' lang='lat' dir='ltr'><strong>genie</strong></span> <span class='ocrx_word' id='word_1_295' title='bbox 2045 2800 2408 2883; x_wconf 88' lang='lat' dir='ltr'><strong>scripsere,</strong></span> <span class='ocrx_word' id='word_1_296' title='bbox 2456 2799 2638 2881; x_wconf 86' lang='lat' dir='ltr'><strong>cujus</strong></span> <span class='ocrx_word' id='word_1_297' title='bbox 2660 2802 2822 2883; x_wconf 84' lang='lat' dir='ltr'><strong>ipse,</strong></span> <span class='ocrx_word' id='word_1_298' title='bbox 2870 2815 3109 2867; x_wconf 81' lang='lat' dir='ltr'><strong>utmox</strong></span> <span class='ocrx_word' id='word_1_299' title='bbox 3143 2804 3324 2867; x_wconf 76' lang='lat' dir='ltr'><strong>vide-</strong></span> 
     </span>
    </p>
   </div>
   <div class='ocr_carea' id='block_1_19' title="bbox 1826 2896 3323 3701">
    <p class='ocr_par' dir='ltr' id='par_1_21' title="bbox 1826 2896 3323 3488">
     <span class='ocr_line' id='line_1_52' title="bbox 1826 2896 3317 2992; baseline 0.007 -31"><span class='ocrx_word' id='word_1_300' title='bbox 1826 2899 2080 2975; x_wconf 83' lang='lat' dir='ltr'><strong>bimus,</strong></span> <span class='ocrx_word' id='word_1_301' title='bbox 2128 2896 2601 2981; x_wconf 75' lang='lat' dir='ltr'><strong>in&#39;majoribus</strong></span> <span class='ocrx_word' id='word_1_302' title='bbox 2649 2902 2771 2964; x_wconf 84' lang='lat' dir='ltr'><strong>fuit</strong></span> <span class='ocrx_word' id='word_1_303' title='bbox 2816 2903 3108 2985; x_wconf 82' lang='lat' dir='ltr'><strong>habitus,</strong></span> <span class='ocrx_word' id='word_1_304' title='bbox 3153 2927 3317 2992; x_wconf 84' lang='lat' dir='ltr'><strong>quos</strong></span> 
     </span>
     <span class='ocr_line' id='line_1_53' title="bbox 1826 3001 3321 3100; baseline 0.008 -40"><span class='ocrx_word' id='word_1_305' title='bbox 1826 3001 2001 3063; x_wconf 87' lang='lat' dir='ltr'><strong>inter</strong></span> <span class='ocrx_word' id='word_1_306' title='bbox 2022 3002 2400 3064; x_wconf 82' lang='lat' dir='ltr'><strong>Trebellius</strong></span> <span class='ocrx_word' id='word_1_307' title='bbox 2436 3002 2840 3100; x_wconf 69' lang='lat' dir='ltr'><strong>laudatorem</strong></span> <span class='ocrx_word' id='word_1_308' title='bbox 2865 3008 3091 3088; x_wconf 79' lang='lat' dir='ltr'><strong>magis,</strong></span> <span class='ocrx_word' id='word_1_309' title='bbox 3130 3031 3321 3093; x_wconf 83' lang='lat' dir='ltr'><strong>quam</strong></span> 
     </span>
     <span class='ocr_line' id='line_1_54' title="bbox 1835 3104 3323 3185; baseline 0.007 -22"><span class='ocrx_word' id='word_1_310' title='bbox 1835 3104 2218 3166; x_wconf 88' lang='lat' dir='ltr'><strong>historicum</strong></span> <span class='ocrx_word' id='word_1_311' title='bbox 2269 3104 2439 3185; x_wconf 81' lang='lat' dir='ltr'><strong>agit3</strong></span> <span class='ocrx_word' id='word_1_312' title='bbox 2502 3105 2729 3166; x_wconf 77' lang='lat' dir='ltr'><strong>verum</strong></span> <span class='ocrx_word' id='word_1_313' title='bbox 2785 3108 3046 3171; x_wconf 82' lang='lat' dir='ltr'><strong>easdem</strong></span> <span class='ocrx_word' id='word_1_314' title='bbox 3097 3110 3323 3174; x_wconf 83' lang='lat' dir='ltr'><strong>laudes</strong></span> 
     </span>
     <span class='ocr_line' id='line_1_55' title="bbox 1832 3206 3320 3289; baseline 0.009 -26"><span class='ocrx_word' id='word_1_315' title='bbox 1832 3206 2067 3266; x_wconf 84' lang='lat' dir='ltr'><strong>recitat</strong></span> <span class='ocrx_word' id='word_1_316' title='bbox 2102 3206 2401 3266; x_wconf 84' lang='lat' dir='ltr'><strong>Zosimus</strong></span> <span class='ocrx_word' id='word_1_317' title='bbox 2433 3207 2617 3265; x_wconf 85' lang='lat' dir='ltr'><strong>testis</strong></span> <span class='ocrx_word' id='word_1_318' title='bbox 2653 3207 2760 3267; x_wconf 82' lang='lat' dir='ltr'><strong>vel</strong></span> <span class='ocrx_word' id='word_1_319' title='bbox 2815 3208 2966 3269; x_wconf 87' lang='lat' dir='ltr'><strong>ideo</strong></span> <span class='ocrx_word' id='word_1_320' title='bbox 3004 3210 3320 3289; x_wconf 85' lang='lat' dir='ltr'><strong>sincerus,</strong></span> 
     </span>
     <span class='ocr_line' id='line_1_56' title="bbox 1826 3304 3319 3388; baseline 0.009 -25"><span class='ocrx_word' id='word_1_321' title='bbox 1826 3306 2007 3387; x_wconf 79' lang='lat' dir='ltr'><strong>quod</strong></span> <span class='ocrx_word' id='word_1_322' title='bbox 2056 3304 2549 3367; x_wconf 84' lang='lat' dir='ltr'><strong>Constantinum</strong></span> <span class='ocrx_word' id='word_1_323' title='bbox 2595 3306 2857 3388; x_wconf 83' lang='lat' dir='ltr'><strong>scriptis</strong></span> <span class='ocrx_word' id='word_1_324' title='bbox 2903 3308 3036 3371; x_wconf 83' lang='lat' dir='ltr'><strong>suis</strong></span> <span class='ocrx_word' id='word_1_325' title='bbox 3081 3315 3319 3376; x_wconf 83' lang='lat' dir='ltr'><strong>acerbe</strong></span> 
     </span>
     <span class='ocr_line' id='line_1_57' title="bbox 1834 3404 2545 3488; baseline 0.003 -25"><span class='ocrx_word' id='word_1_326' title='bbox 1834 3404 2075 3488; x_wconf 85' lang='lat' dir='ltr'><strong>ubique</strong></span> <span class='ocrx_word' id='word_1_327' title='bbox 2106 3405 2545 3488; x_wconf 78' lang='lat' dir='ltr'><strong>persequitur.</strong></span> 
     </span>
    </p>

    <p class='ocr_par' dir='ltr' id='par_1_22' title="bbox 1834 3507 3320 3701">
     <span class='ocr_line' id='line_1_58' title="bbox 1958 3507 3320 3578; baseline 0.01 -13"><span class='ocrx_word' id='word_1_328' title='bbox 1958 3507 2060 3566; x_wconf 83' lang='lat' dir='ltr'><strong>De&#39;</strong></span> <span class='ocrx_word' id='word_1_329' title='bbox 2098 3527 2304 3567; x_wconf 84' lang='lat' dir='ltr'><strong>uxore</strong></span> <span class='ocrx_word' id='word_1_330' title='bbox 2343 3527 2468 3566; x_wconf 89' lang='lat' dir='ltr'><strong>non</strong></span> <span class='ocrx_word' id='word_1_331' title='bbox 2495 3519 2764 3568; x_wconf 83' lang='lat' dir='ltr'><strong>constat.</strong></span> <span class='ocrx_word' id='word_1_332' title='bbox 2807 3507 3074 3570; x_wconf 84' lang='lat' dir='ltr'><strong>Fratres</strong></span> <span class='ocrx_word' id='word_1_333' title='bbox 3094 3512 3320 3578; x_wconf 87' lang='lat' dir='ltr'><strong>babuit</strong></span> 
     </span>
     <span class='ocr_line' id='line_1_59' title="bbox 1834 3607 3319 3701; baseline 0.007 -35"><span class='ocrx_word' id='word_1_334' title='bbox 1834 3611 2244 3684; x_wconf 78' lang='lat' dir='ltr'><strong>Quintillum,</strong></span> <span class='ocrx_word' id='word_1_335' title='bbox 2285 3608 2395 3690; x_wconf 88' lang='lat' dir='ltr'><strong>qui</strong></span> <span class='ocrx_word' id='word_1_336' title='bbox 2440 3608 2504 3668; x_wconf 90' lang='lat' dir='ltr'><strong>in</strong></span> <span class='ocrx_word' id='word_1_337' title='bbox 2542 3607 2824 3688; x_wconf 82' lang='lat' dir='ltr'><strong>imperio</strong></span> <span class='ocrx_word' id='word_1_338' title='bbox 2854 3613 3204 3701; x_wconf 81' lang='lat' dir='ltr'><strong>successit,</strong></span> <span class='ocrx_word' id='word_1_339' title='bbox 3251 3630 3319 3678; x_wconf 86' lang='lat' dir='ltr'><strong>et</strong></span> 
     </span>
    </p>
   </div>
   <div class='ocr_carea' id='block_1_20' title="bbox 1792 3708 3319 3800">
    <p class='ocr_par' dir='ltr' id='par_1_23' title="bbox 1792 3708 3319 3800">
     <span class='ocr_line' id='line_1_60' title="bbox 1792 3708 3319 3800; baseline 0.006 -32"><span class='ocrx_word' id='word_1_340' title='bbox 1792 3789 1803 3800; x_wconf 37' lang='grc' dir='ltr'><strong><em>ο</em></strong></span> <span class='ocrx_word' id='word_1_341' title='bbox 1835 3713 2119 3788; x_wconf 69' lang='lat' dir='ltr'><strong>Crispum</strong></span> <span class='ocrx_word' id='word_1_342' title='bbox 2151 3721 2401 3792; x_wconf 82' lang='lat' dir='ltr'><strong>patrem</strong></span> <span class='ocrx_word' id='word_1_343' title='bbox 2450 3708 2756 3770; x_wconf 75' lang='lat' dir='ltr'><strong>Claudiae</strong></span> <span class='ocrx_word' id='word_1_344' title='bbox 2779 3752 2797 3784; x_wconf 89' lang='lat'><strong>,</strong></span> <span class='ocrx_word' id='word_1_345' title='bbox 2843 3730 3009 3791; x_wconf 85' lang='lat' dir='ltr'><strong>quae</strong></span> <span class='ocrx_word' id='word_1_346' title='bbox 3036 3711 3319 3797; x_wconf 84' lang='lat' dir='ltr'><strong>denupta</strong></span> 
     </span>
    </p>
   </div>
   <div class='ocr_carea' id='block_1_21' title="bbox 1826 3808 3321 4099">
    <p class='ocr_par' dir='ltr' id='par_1_24' title="bbox 1826 3808 3321 4099">
     <span class='ocr_line' id='line_1_61' title="bbox 1828 3808 3321 3893; baseline 0.003 -19"><span class='ocrx_word' id='word_1_347' title='bbox 1828 3811 2152 3893; x_wconf 90' lang='lat' dir='ltr'><strong>Eutropio</strong></span> <span class='ocrx_word' id='word_1_348' title='bbox 2185 3808 2388 3871; x_wconf 88' lang='lat' dir='ltr'><strong>filium</strong></span> <span class='ocrx_word' id='word_1_349' title='bbox 2411 3809 2633 3870; x_wconf 84' lang='lat' dir='ltr'><strong>habuit</strong></span> <span class='ocrx_word' id='word_1_350' title='bbox 2657 3811 3100 3875; x_wconf 87' lang='lat' dir='ltr'><strong>Constantium</strong></span> <span class='ocrx_word' id='word_1_351' title='bbox 3125 3813 3321 3879; x_wconf 81' lang='lat' dir='ltr'><strong>Chlo·</strong></span> 
     </span>
     <span class='ocr_line' id='line_1_62' title="bbox 1826 3910 2715 3995; baseline 0 -23"><span class='ocrx_word' id='word_1_352' title='bbox 1826 3934 1971 3973; x_wconf 89' lang='lat' dir='ltr'><strong>rum</strong></span> <span class='ocrx_word' id='word_1_353' title='bbox 2010 3910 2283 3972; x_wconf 86' lang='lat' dir='ltr'><strong>subinde</strong></span> <span class='ocrx_word' id='word_1_354' title='bbox 2332 3910 2715 3995; x_wconf 81' lang='lat' dir='ltr'><strong>Augustum.</strong></span> 
     </span>
     <span class='ocr_line' id='line_1_63' title="bbox 1948 4013 3148 4099; baseline 0.008 -26"><span class='ocrx_word' id='word_1_355' title='bbox 1948 4013 2166 4096; x_wconf 76' lang='lat' dir='ltr'><strong>Hujus</strong></span> <span class='ocrx_word' id='word_1_356' title='bbox 2192 4032 2455 4099; x_wconf 84' lang='lat' dir='ltr'><strong>quoque</strong></span> <span class='ocrx_word' id='word_1_357' title='bbox 2491 4013 2641 4075; x_wconf 89' lang='lat' dir='ltr'><strong>anni</strong></span> <span class='ocrx_word' id='word_1_358' title='bbox 2670 4014 2851 4079; x_wconf 89' lang='lat' dir='ltr'><strong>numi</strong></span> <span class='ocrx_word' id='word_1_359' title='bbox 2889 4013 3148 4083; x_wconf 85' lang='lat' dir='ltr'><strong>incerti.</strong></span> 
     </span>
    </p>
   </div>
   <div class='ocr_carea' id='block_1_22' title="bbox 232 4114 1829 4206">
    <p class='ocr_par' dir='ltr' id='par_1_25' title="bbox 232 4114 1829 4206">
     <span class='ocr_line' id='line_1_64' title="bbox 232 4114 1829 4206; baseline -0.008 -22"><span class='ocrx_word' id='word_1_360' title='bbox 232 4123 562 4206; x_wconf 82' lang='lat' dir='ltr'><strong>perstitum</strong></span> <span class='ocrx_word' id='word_1_361' title='bbox 615 4133 799 4202; x_wconf 87' lang='lat' dir='ltr'><strong>parte</strong></span> <span class='ocrx_word' id='word_1_362' title='bbox 854 4117 1057 4192; x_wconf 86' lang='lat' dir='ltr'><strong>fame,</strong></span> <span class='ocrx_word' id='word_1_363' title='bbox 1104 4114 1392 4199; x_wconf 77' lang='lat' dir='ltr'><strong>frigore,</strong></span> <span class='ocrx_word' id='word_1_364' title='bbox 1462 4114 1708 4174; x_wconf 85' lang='lat' dir='ltr'><strong>morbis</strong></span> <span class='ocrx_word' id='word_1_365' title='bbox 1825 4148 1829 4150; x_wconf 14' lang='grc' dir='ltr'><strong>Α</strong></span> 
     </span>
    </p>
   </div>
   <div class='ocr_carea' id='block_1_23' title="bbox 231 4214 1782 4302">
    <p class='ocr_par' dir='ltr' id='par_1_26' title="bbox 231 4214 1782 4302">
     <span class='ocr_line' id='line_1_65' title="bbox 231 4214 1782 4302; baseline -0.005 -18"><span class='ocrx_word' id='word_1_366' title='bbox 231 4224 466 4285; x_wconf 83' lang='lat' dir='ltr'><strong>hausta.</strong></span> <span class='ocrx_word' id='word_1_367' title='bbox 544 4219 818 4283; x_wconf 80' lang='lat' dir='ltr'><strong>Claudio</strong></span> <span class='ocrx_word' id='word_1_368' title='bbox 863 4231 1216 4302; x_wconf 81' lang='lat' dir='ltr'><strong>propterea</strong></span> <span class='ocrx_word' id='word_1_369' title='bbox 1271 4214 1705 4277; x_wconf 84' lang='lat' dir='ltr'><strong>honorificum</strong></span> <span class='ocrx_word' id='word_1_370' title='bbox 1762 4224 1782 4243; x_wconf 69' lang='lat'><em>⁶</em></span> 
     </span>
    </p>
   </div>
   <div class='ocr_carea' id='block_1_24' title="bbox 238 4310 1702 4489">
    <p class='ocr_par' dir='ltr' id='par_1_27' title="bbox 238 4310 1702 4489">
     <span class='ocr_line' id='line_1_66' title="bbox 238 4310 1517 4412; baseline -0.017 -25"><span class='ocrx_word' id='word_1_371' title='bbox 238 4310 481 4386; x_wconf 72' lang='lat' dir='ltr'><strong>Gothici</strong></span> <span class='ocrx_word' id='word_1_372' title='bbox 518 4342 756 4383; x_wconf 86' lang='lat' dir='ltr'><strong>nomen</strong></span> <span class='ocrx_word' id='word_1_373' title='bbox 795 4319 1073 4383; x_wconf 86' lang='lat' dir='ltr'><strong>accedit.</strong></span> <span class='ocrx_word' id='word_1_374' title='bbox 1183 4404 1186 4408; x_wconf 74' lang='lat'><strong><em>.</em></strong></span> <span class='ocrx_word' id='word_1_375' title='bbox 1473 4351 1517 4412; x_wconf 73' lang='lat'><strong><em>⁴.</em></strong></span> 
     </span>
     <span class='ocr_line' id='line_1_67' title="bbox 484 4420 1702 4489; baseline -0.003 -6"><span class='ocrx_word' id='word_1_376' title='bbox 484 4424 659 4485; x_wconf 84' lang='grc' dir='ltr'><strong><em>ῙΜΡ.</em></strong></span> <span class='ocrx_word' id='word_1_377' title='bbox 713 4422 783 4482; x_wconf 90' lang='lat' dir='ltr'><strong><em>C.</em></strong></span> <span class='ocrx_word' id='word_1_378' title='bbox 828 4421 1290 4487; x_wconf 80' lang='lat' dir='ltr'><strong><em>CLAVDIVS.</em></strong></span> <span class='ocrx_word' id='word_1_379' title='bbox 1325 4420 1521 4489; x_wconf 82' lang='lat' dir='ltr'><strong><em>AVG.</em></strong></span> <span class='ocrx_word' id='word_1_380' title='bbox 1586 4421 1702 4480; x_wconf 83' lang='lat' dir='ltr'><strong>Ca-</strong></span> 
     </span>
    </p>
   </div>
   <div class='ocr_carea' id='block_1_25' title="bbox 476 4523 972 4604">
    <p class='ocr_par' dir='ltr' id='par_1_28' title="bbox 476 4523 972 4604">
     <span class='ocr_line' id='line_1_68' title="bbox 476 4523 972 4604; baseline 0.002 -21"><span class='ocrx_word' id='word_1_381' title='bbox 476 4523 600 4604; x_wconf 64' lang='lat' dir='ltr'><strong>put</strong></span> <span class='ocrx_word' id='word_1_382' title='bbox 626 4528 972 4588; x_wconf 73' lang='lat' dir='ltr'><strong>radiatum.</strong></span> 
     </span>
    </p>
   </div>
   <div class='ocr_carea' id='block_1_26' title="bbox 290 4735 883 4814">
    <p class='ocr_par' dir='ltr' id='par_1_29' title="bbox 290 4735 883 4814">
     <span class='ocr_line' id='line_1_69' title="bbox 290 4735 883 4814; baseline -0.008 -17"><span class='ocrx_word' id='word_1_383' title='bbox 290 4741 349 4809; x_wconf 81' lang='lat' dir='ltr'><strong>a)</strong></span> <span class='ocrx_word' id='word_1_384' title='bbox 382 4735 584 4796; x_wconf 81' lang='lat' dir='ltr'><strong>Victor</strong></span> <span class='ocrx_word' id='word_1_385' title='bbox 623 4736 684 4793; x_wconf 88' lang='lat' dir='ltr'><strong>in</strong></span> <span class='ocrx_word' id='word_1_386' title='bbox 722 4735 883 4814; x_wconf 82' lang='lat' dir='ltr'><strong>Epit.</strong></span> 
     </span>
    </p>
   </div>
   <div class='ocr_carea' id='block_1_27' title="bbox 2309 4239 2840 4319">
    <p class='ocr_par' dir='ltr' id='par_1_30' title="bbox 2309 4239 2840 4319">
     <span class='ocr_line' id='line_1_70' title="bbox 2309 4239 2840 4319; baseline -0.004 -21"><span class='ocrx_word' id='word_1_387' title='bbox 2309 4239 2555 4298; x_wconf 82' lang='lat' dir='ltr'><strong>Numi</strong></span> <span class='ocrx_word' id='word_1_388' title='bbox 2597 4240 2840 4319; x_wconf 60' lang='lat' dir='ltr'><strong>vagi:</strong></span> 
     </span>
    </p>
   </div>
   <div class='ocr_carea' id='block_1_28' title="bbox 1814 4420 3318 4506">
    <p class='ocr_par' dir='ltr' id='par_1_31' title="bbox 1814 4420 3318 4506">
     <span class='ocr_line' id='line_1_71' title="bbox 1814 4420 3318 4506; baseline 0.004 -23"><span class='ocrx_word' id='word_1_389' title='bbox 1814 4420 1892 4483; x_wconf 86' lang='grc' dir='ltr'><strong>Α.</strong></span> <span class='ocrx_word' id='word_1_390' title='bbox 2094 4420 2277 4506; x_wconf 72' lang='grc' dir='ltr'><strong><em>ῙΜΡ.</em></strong></span> <span class='ocrx_word' id='word_1_391' title='bbox 2334 4422 2403 4483; x_wconf 88' lang='lat' dir='ltr'><strong><em>C.</em></strong></span> <span class='ocrx_word' id='word_1_392' title='bbox 2455 4421 2912 4486; x_wconf 83' lang='lat' dir='ltr'><strong><em>CLAVDIVS.</em></strong></span> <span class='ocrx_word' id='word_1_393' title='bbox 2956 4426 3155 4494; x_wconf 80' lang='lat' dir='ltr'><strong><em>AVG.</em></strong></span> <span class='ocrx_word' id='word_1_394' title='bbox 3212 4435 3318 4492; x_wconf 72' lang='lat' dir='ltr'><strong>rel</strong></span> 
     </span>
    </p>
   </div>
   <div class='ocr_carea' id='block_1_29' title="bbox 2086 4521 3313 4612">
    <p class='ocr_par' dir='ltr' id='par_1_32' title="bbox 2086 4521 3313 4612">
     <span class='ocr_line' id='line_1_72' title="bbox 2086 4521 3313 4612; baseline 0.015 -38"><span class='ocrx_word' id='word_1_395' title='bbox 2086 4521 2771 4593; x_wconf 76' lang='lat' dir='ltr'><strong><em>.1MP.CLAVD1vs·.</em></strong></span> <span class='ocrx_word' id='word_1_396' title='bbox 2808 4527 3012 4592; x_wconf 72' lang='lat' dir='ltr'><strong><em>AVG.</em></strong></span> <span class='ocrx_word' id='word_1_397' title='bbox 3063 4533 3168 4592; x_wconf 74' lang='lat'><strong>001</strong></span> <span class='ocrx_word' id='word_1_398' title='bbox 3197 4535 3313 4612; x_wconf 42' lang='lat' dir='ltr'><strong>ad.</strong></span> 
     </span>
    </p>
   </div>
  </div>
 </body>
</html>
