4652 5937
1450 348 2334 430 TREBONIANVS.

309 536 578 600 lusiani
612 532 825 597 nnmis
865 533 1194 596 tribunatu
1230 533 1344 599 lv.
1382 533 1641 596 notatis.
1684 538 1833 600 Hoc

305 640 689 708 constituto
716 636 811 699 sic
838 634 1286 699 verisimiliter
1305 633 1606 718 procedit
1631 635 1832 697 histo-

305 742 452 805 ria.
500 742 584 808 V.
618 741 693 802 C.
742 740 899 799 toob
946 737 1124 800 sorte
1172 751 1454 800 exeunte
1498 736 1666 800 Iulio
1709 737 1826 799 im-

304 842 587 927 perium
651 842 719 902 in
789 838 1053 916 Moesia⁸
1111 837 1343 920 arripit
1401 836 1825 899 Aemilianus.

309 947 399 1006 Iu
442 944 587 1027 ejus
622 958 843 1027 partes
888 941 1341 1004 transitionem
1386 936 1635 1001 faciunt
1675 938 1830 1000 Cili-

315 1066 486 1121 ces,
537 1048 815 1129 quor'um
856 1044 1013 1105 urbs
1058 1044 1280 1124 Aegae
1325 1040 1638 1103 continuo
1675 1061 1825 1102 cum

315 1131 478 1226 ejus
525 1166 600 1206 ac
656 1147 858 1207 Corn.
900 1147 1192 1227 Super-ae
1243 1142 1528 1226 imagine
1590 1162 1824 1204 numos

316 1241 535 1323 ferit,
598 1262 941 1330 antequam
1002 1243 1141 1325 ejus
1202 1265 1406 1306 annus
1466 1239 1636 1308 &qC
1682 1245 1823 1306 fors

322 1362 622 1412 exeunte
653 1346 933 1410 Octobri
963 1346 1347 1427 exspiraret.
1384 1342 1643 1407 Interea
1673 1346 1829 1407 Ale-

320 1450 638 1513 xandrini
675 1450 742 1510 in
785 1447 914 1509 fide
951 1466 1108 1528 erga
1146 1446 1632 1518 Trebonianum
1677 1467 1830 1528 per·

322 1552 608 1627 sistunt,
655 1550 767 1634 qui
806 1567 1038 1609 numos
1076 1545 1151 1605 L.
1187 1541 1265 1605 Γ.
1292 1568 1437 1609 eum
1479 1547 1621 1628 ejus
1656 1547 1827 1630 capi·

320 1667 395 1716 te
429 1652 582 1715 inde
614 1674 650 1713 a
684 1651 789 1721 (lie
825 1651 1062 1711 XXIX.
1097 1648 1375 1730 Augusti
1411 1647 1603 1711 feriri
1634 1669 1826 1731 coep·

319 1771 437 1819 tos
472 1773 708 1835 magno
744 1768 1020 1812 numero
1055 1748 1315 1828 signare
1347 1761 1649 1830 pergunt.
1700 1753 1825 1810 Au-

322 1858 468 1920 dita
498 1853 849 1919 Aemiliani
879 1849 1339 1934 perduellione
1366 1848 1824 1910 Trebonianos

321 1959 684 2027 Valeriano
726 1954 872 2035 ejus
907 1954 1087 2014 bello
1123 1947 1565 2034 persequendi
1597 1969 1822 2010 curam

327 2058 704 2123 demandat.
769 2057 829 2114 Is
872 2053 1165 2113 militem*
1195 2051 1259 2111 in
1300 2049 1512 2112 Gallia
1560 2063 1629 2111 et
1662 2051 1825 2111 Ger-

244 2174 248 2177 “
326 2160 545 2221 mania
583 2155 949 2229 contrahit,
996 2150 1115 2214 sed
1150 2171 1399 2218 moram
1436 2149 1649 2232 injicit
1684 2150 1822 2213 sive

326 2261 568 2345 pestis,
614 2277 780 2344 quae
822 2276 905 2318 eo
947 2269 1247 2336 tempore
1288 2272 1411 2333 per
1452 2253 1823 2336 provincias

328 2361 596 2437 saeviit,
657 2359 796 2421 sive
840 2355 944 2418 rei
988 2354 1405 2438 pecuniariae
1461 2353 1822 2438 angustiae,

328 2464 470 2526 sive
505 2460 801 2547 perfidia,
846 2458 984 2522 sive
1007 2475 1434 2541 quaecunque
1452 2456 1579 2516 alia
1610 2477 1822 2530 causa,

330 2585 525 2650 quam
562 2564 963 2646 ignoramus.
1035 2561 1337 2619 Exeunte
1372 2579 1540 2619 anno
1571 2557 1820 2622 Italiam

329 2667 527 2728 intrat
588 2662 991 2726 Aemilianus
1036 2672 1268 2743 coepta
1326 2672 1823 2742 persecuturus·

329 2771 520 2832 Circa
561 2767 736 2829 idem
775 2779 1032 2846 tempus
1067 2758 1453 2826 Valerianus
1500 2759 1567 2820 in
1610 2759 1824 2822 Rhae-

328 2871 446 2946 tia,
492 2890 608 2931 seu
654 2866 830 2952 quod
876 2861 1277 2926 Treboniani
1324 2880 1579 2923 causam
1626 2879 1821 2942 prop-

331 2986 436 3036 ter
474 2972 613 3052 ejus
643 2968 964 3053 ignaviam
1001 2964 1417 3048 desperaret,
1465 2983 1581 3024 seu
1612 2961 1821 3044 copiis

333 3074 464 3137 suis
519 3072 732 3133 fretus
779 3070 1246 3150 imperatorem
1301 3083 1447 3127 sese
1510 3065 1818 3146 appellat,

334 3189 399 3236 et
444 3171 784 3251 consulem
831 3189 901 3228 se
948 3188 1095 3227 cum
1138 3164 1278 3226 filio
1324 3164 1390 3224 in
1437 3185 1673 3224 annum
1723 3184 1821 3225 se-

335 3287 639 3359 quentem
676 3269 991 3349 designat.
1036 3267 1161 3329 luit
1206 3287 1408 3328 annus
1441 3267 1522 3331 V.
1547 3266 1618 3329 C.
1660 3284 1818 3344 ¹⁰⁰7

334 3392 397 3440 et
441 3371 842 3436 Treboniani
888 3369 1247 3434 tribunatus
1293 3364 1404 3429 IV.
1462 3366 1624 3447 Ejus
1669 3367 1821 3433 anni

336 3480 538 3543 altero
610 3472 876 3536 circiter
948 3488 1173 3530 mense
1236 3467 1693 3535 Trebonianus
1752 3480 1821 3530 et

309 3575 722 3658 ,Volusianus
813 3572 1296 3637 interimuntur.
1364 3568 1815 3645 Aemilianus,

294 3682 475 3767 ¹qnia
531 3693 879 3763 praesens,
958 3674 1318 3755 imperator
1366 3670 1481 3740 ab,
1520 3673 1818 3741 exercitu

335 3788 640 3864 utroque,
687 3792 753 3840 et
784 3774 1076 3859 patribus
1109 3773 1505 3855 agnoscitur.
1552 3772 1815 3833 Bellum

337 3883 638 3964 deinceps
686 3878 1120 3940 Aemilianum
1180 3874 1354 3936 inter
1413 3886 1479 3937 et
1521 3874 1817 3938 Valeria-

332 4006 498 4047 num.
587 3982 710 4043 Ille
783 3979 922 4040 sive
996 3998 1265 4039 suorum
1342 3974 1595 4057 gladio,
1673 3976 1811 4036 sive

335 4085 555 4147 morbo
587 4068 937 4154 occumbit,
971 4077 1360 4145 Valerianus
1394 4097 1560 4139 unus
1588 4096 1811 4139 rerum

337 4186 602 4269 potitur,
649 4201 800 4244 eum
840 4180 1178 4242 consulem
1221 4200 1370 4243 cum
1406 4177 1545 4241 filio
1583 4198 1814 4259 agnos-

338 4300 481 4350 cunt
521 4283 672 4347 fasti
714 4280 976 4343 abolitis
1019 4281 1383 4365 prioribus,
1428 4282 1542 4366 qui
1574 4301 1811 4341 annum

3159 307 3184 336 Χ

3282 354 3425 436 ³65

1945 555 2304 620 aperuere,
2350 535 2534 622 quod
2579 533 2736 608 alim
2790 546 2857 598 et
2907 533 3027 599 sub
3069 534 3429 622 Elagabslo

1943 638 2211 702 factum.

2070 742 2175 802 En
2230 738 2677 823 probabilem,
2745 749 2819 810 itt
2875 737 3147 822 opinor,
3207 759 3435 803 rerum

1947 855 2254 905 eventum
2314 839 2673 903 secundum
2709 860 3081 910 ,numerum
3142 842 3438 906 testimo-

1941 941 2159 1016 nium,
2219 954 2288 1004 et
2340 961 2555 1025 neque
2617 939 2988 1015 historicis,
3033 955 3142 1004 aut
3202 944 3442 1005 saltem

1943 1041 2175 1122 majori
2218 1053 2450 1104 eorum
2511 1041 2681 1122 parti
2737 1040 3102 1104 adversum.
3170 1045 3436 1120 Etenim

1938 1144 2216 1206 testibus
2244 1142 2560 1216 Eusebio,
2588 1142 3004 1218 cassiodoro,
3039 1143 3434 1227 EpiphaniO,

1938 1244 2302 1318 lornande,
2365 1265 2527 1327 quos
2581 1243 2801 1305 laudat
2856 1243 3319 1307 Tillemontius
3353 1249 3435 1326 ⁸),

1940 1345 2242 1428 regnavit
2284 1344 2741 1406 Trebonianus
2795 1366 2996 1407 annos
3041 1347 3123 1408 11.
3172 1366 3433 1410 menses

1942 1445 2086 1520 lv.‚
2129 1466 2370 1528 nempe
2410 1444 2791 1507 tantundem
2838 1434 3188 1530 temporis,
3235 1470 3437 1533 quan-

1940 1559 2079 1609 tum
2125 1548 2193 1608 in
2243 1566 2389 1609 mea
2425 1545 2723 1616 doctrina
2759 1545 2900 1628 ejus
2936 1548 3285 1629 imperium
3326 1571 3435 1614 oc-

1941 1662 2157 1731 cupat.
2211 1649 2317 1710 Ad
2369 1649 2530 1710 haec
2576 1649 2863 1710 Zonaras
2909 1650 3272 1723 Aemiliano
3317 1650 3441 1712 im·

1939 1748 2109 1832 perii
2143 1768 2405 1810 menses
2442 1751 2553 1813 IV.
2590 1747 2840 1812 tribuit.
2889 1750 3037 1844 Quo
3069 1752 3283 1812 minus
3321 1773 3437 1816 no·

1941 1863 2115 1910 strae
2158 1849 2386 1910 aetatis
2423 1848 2820 1931 chronologi
2861 1850 3098 1914 horum
3139 1855 3433 1916 testimo-

1937 1949 2065 2010 niis
2103 1949 2615 2023 subscriberent,
2650 1949 2991 2031 prohibuit
3021 1950 3166 2015 sere
3201 1954 3433 2016 unicus

1937 2049 2276 2117 Valeriani
2319 2050 2736 2126 consulatus,
2781 2053 2893 2135 qui
2929 2065 3145 2116 tamen
3193 2068 3259 2117 et
3291 2054 3434 2137 ipse

1940 2171 2037 2226 ea,
2074 2162 2199 2234 qua
2229 2149 2397 2230 dixi,
2436 2150 2690 2213 ratione
2723 2157 2856 2214 n'ou
2889 2152 3253 2217 difficulter
3284 2177 3433 2220 sese

1938 2251 2413 2315 adcommodat.
2486 2253 2673 2348 Quae
2720 2252 2804 2315 tle
2846 2255 3187 2330 Volusiani
3228 2256 3434 2320 tribu·

1938 2367 2095 2416 natu
2135 2355 2243 2420 IV.
2305 2355 2741 2437 objiciuntur,
2806 2354 2876 2416 in
2924 2356 3117 2441 hujus
3165 2373 3431 2423 moneta

1940 2454 2262 2539 explicata
2303 2455 2626 2538 reperies.

2065 2561 2449 2621 Postremus
2486 2560 3007 2623 Sanclementius
3048 2582 3284 2627 novam
3315 2584 3435 2623 nu-

1935 2679 2058 2743 per
2132 2661 2471 2743 ingressus
2501 2675 2644 2734 ,est
2705 2653 2877 2726 viam
2936 2660 3019 2724 ad
3077 2664 3431 2727 molestum

1935 2760 2109 2823 hunc
2137 2760 2312 2825 Galli
2346 2764 2744 2826 tribunatum
2770 2765 2881 2831 1V.
2904 2765 3316 2830 enodandum
3345 2764 3429 2845 ¹³).

1934 2864 2312 2932 Verisimile
2348 2864 2451 2925 illi
2482 2865 2724 2941 risum,
2771 2863 3260 2929 Trebonianum
3294 2889 3429 2931 non

1937 2988 1973 3028 a
2017 2980 2318 3049 tempore
2372 2967 2603 3031 mortis
2655 2965 2877 3042 Decii,
2925 2967 3044 3029 sed
3091 2951 3447 3054 Philippo-'
3523 2953 3528 2960 ⁶

1936 3090 2081 3129 rum
2115 3090 2318 3131 annos
2359 3068 2622 3151 imperii
2657 3069 2759 3129 sui
2795 3090 3143 3132 numerare
3177 3072 3428 3156 coepis-

1937 3187 2043 3243 se,
2096 3183 2288 3251 atque
2339 3168 2512 3228 istud
2568 3168 2874 3249 exemplo
2913 3171 3181 3245 Severi,
3229 3193 3427 3255 quem

1934 3269 2127 3344 item,
2190 3269 2334 3343 ait„
2366 3267 2624 3332 omissis
2669 3268 3018 3332 Pertinace
3063 3286 3130 3335 et
3173 3273 3426 3338 Iuliano

1935 3368 2190 3438 initium
2220 3367 2319 3431 sui
2348 3368 2752 3450 principatus
2781 3392 2817 3430 a
2846 3371 3046 3433 caede
3083 3374 3426 3439 Commodi

1934 3466 2136 3530 fuisse
2174 3468 2596 3552 auspicatum.
2668 3468 2832 3552 Ejus
2875 3490 3167 3549 causam,
3231 3490 3301 3538 ut
3331 3478 3427 3539 vi-

1904 3590 2109 3644 -sum,
2152 3569 2581 3652 rprobabilem
2644 3568 2892 3649 adfert,
2957 3574 3132 3657 quod
3174 3576 3421 3640 Decius

1899 3669 2084 3741 ‚tt-ib.
2129 3684 2477 3753 potestate,
2523 3693 2714 3754 quam
2761 3698 2887 3737 una
2933 3697 3080 3738 cum
3120 3680 3420 3742 censoria

1934 3770 2271 3856 dignitate,
2305 3773 2452 3855 jure
2485 3775 2745 3855 quintae
2776 3777 3137 3853 relationis,
3175 3792 3240 3839 et
3272 3799 3422 3861 pro-

1931 3873 2275 3953 consulari¹
2300 3873 2578 3957 imperio
2615 3879 2862 3940 senatui
2894 3878 3272 3962 populoque
3316 3900 3422 3941 re-

1914 3975 2174 4049 stituit,
2234 3974 2378 4056 ipse
2422 3977 2659 4053 caruit,
2723 4000 2798 4041 ac
2844 3993 3194 4063 propterea
3236 3981 3419 4043 nulla

1930 4076 2072 4158 ejus
2097 4077 2166 4137 in
2196 4073 2411 4136 numis
2439 4074 2607 4139 facta
2632 4079 2982 4144 mentione.
3014 4079 3237 4177 Quare
3259 4084 3422 4147 Tre·

1926 4177 2316 4250 bonianum,
2355 4195 2439 4237 ne
2473 4196 2598 4260 per
2625 4178 2959 4243 biennium
2989 4200 3168 4266 resp.
3199 4203 3276 4246 ea
3301 4205 3417 4267 po-

1926 4290 2162 4369 testate
2208 4276 2498 4341 caruisse
2541 4277 2913 4356 videretur,
2961 4282 3232 4346 eandem
3277 4306 3416 4389 mo·

399 4602 452 4668 a)
492 4596 643 4654 Nota
680 4594 783 4654 111.
824 4595 885 4650 in
925 4592 1181 4651 Gallum.
1278 4578 1284 4584 ι

1384 4728 1411 4749 l

1380 4590 1450 4661 b)
1493 4589 1566 4651 de
1607 4586 1762 4664 vulg.
1805 4606 1937 4643 aera
1975 4606 2110 4665 pag.
2134 4594 2398 4661 3043011.
