4652 5937
610 5915 805 5931 annun—...-
814 5915 1205 5931 ωῌΛΔ-μ-
1214 5915 1277 5931 -.-“
1290 5903 1433 5931 m&

1169 461 1314 537 292

1165 630 1243 688 in
1288 626 1601 703 ultionem
1652 622 1869 686 ruenti
1913 621 2164 687 obstitit
2193 621 2533 707 Aquileia,
2580 621 2665 685 ad
2731 696 2736 700 ⁴

1080 754 1099 767 1
1165 749 1359 810 quam
1390 726 1816 810 pertinaciter
1844 746 1989 789 sese
2010 725 2473 788 defendentem
2507 724 2662 787 dum

1091 821 1095 825 '
1167 828 1433 912 longius
1493 828 1846 906 adhaeret,
1907 850 1946 890 a
2007 827 2326 889 militibus
2386 840 2661 910 propter

1167 931 1479 995 crudeles
1551 950 1769 991 mores
1822 942 1888 991 et
1950 947 2242 990 annonae
2315 927 2660 1011 penuriam

1172 1031 1299 1093 sibi
1334 1031 1517 1093 iratis
1567 1051 1694 1091 una
1726 1050 1887 1117 ‘cum
1922 1028 2061 1090 filio
2095 1028 2380 1089 Maximo
2416 1029 2662 1091 occidi·-

1156 1147 1299 1203 -tun
1363 1134 1499 1194 Cur
1538 1132 1754 1193 omnia
1791 1131 1956 1192 haec
1987 1130 2156 1192 facta
2191 1144 2420 1193 contra
2468 1129 2662 1192 chro-

1164 1235 1564 1314 nologorum
1611 1232 1899 1294 omnium
1952 1220 2336 1293 sententiam
2379 1230 2451 1291 ‘in
2485 1231 2659 1294 hunc

1166 1355 1406 1396 annum
1468 1333 1907 1416 conjecerim,
1979 1329 2152 1394 infra
2212 1333 2381 1395 ratio
2460 1350 2660 1416 expe·

1112 1448 1128 1459 ⁷
1168 1437 1403 1497 dictur.

1287 1535 1501 1617 Hujus
1538 1533 1853 1618 principis
1899 1554 2119 1596 mores
2156 1534 2360 1617 magis
2396 1553 2478 1597 ex
2517 1534 2657 1597 bel-

1166 1638 1352 1713 luae,
1398 1655 1593 1720 quam
1637 1635 1921 1697 hominis
1960 1636 2224 1717 ingenio
2264 1638 2477 1699 fuere.
2523 1639 2659 1697 lam

1163 1737 1341 1800 istud
1397 1757 1476 1797 ex
1519 1735 1889 1797 belluarum
1936 1756 2152 1812 more,
2198 1735 2378 1820 quod
2424 1736 2660 1798 monti·

1080 1866 1086 1873 ·
1161 1822 1287 1902 bus
1327 1836 1677 1900 innutritus
1712 1835 1950 1918 perdiu
1978 1837 2156 1898 ⁵intra
2193 1835 2357 1900 haec
2386 1836 2657 1900 latibula

1159 1942 1358 2001 vitam
1419 1949 1678 2019 egerat,
1739 1952 2082 2021 antequam
2129 1941 2197 2000 in
2244 1941 2392 2000 loca
2443 1939 2655 2021 plana,

1162 2043 1468 2123 cultaque
1530 2053 1928 2121 emergeret.
2015 2043 2245 2124 Neque
2309 2061 2471 2102 vero
2534 2060 2656 2123 per

1161 2139 1463 2223 corporis
1514 2138 1796 2213 molem,
1844 2153 1911 2201 et
1959 2142 2197 2203 virium
2238 2140 2653 2204 incredibilia

1159 2240 1614 2324 experimenta
1649 2237 1934 2300 belluam
1972 2259 2071 2304 est
2108 2241 2453 2321 inficiatus,
2487 2262 2653 2327 quae

1154 2354 1371 2405 tantae
1435 2338 1661 2416 fuere,
1727 2351 1797 2399 ut
1850 2341 2051 2427 vulgo
2109 2345 2273 2406 Milo
2314 2346 2655 2409 Crotonia-

1153 2457 1294 2515 tes,
1342 2440 1707 2516 Hercules,
1745 2440 2033 2505 Antaeus
2060 2461 2447 2523 vocaretur,
2492 2469 2652 2532 quas

1155 2563 1289 2606 non
1337 2562 1488 2604 raro
1539 2533 1759 2604 in‘die
1810 2544 1939 2605 vini
1973 2548 2337 2632 Capitolina
2385 2550 2652 2632 ampho-

1153 2668 1264 2719 ra,
1327 2634 1784 2726 etsssexa‘ginta
1835 2645 2022 2709 libris
2068 2651 2280 2711 carnis
2338 2662 2652 2711 sustenta-

1155 2745 1248 2806 vit
1308 2746 1390 2824 Ιι).
1478 2746 1693 2827 Atque
1754 2745 1882 2808 hoc
1944 2752 2242 2832 corporis
2301 2752 2405 2813 sui
2448 2751 2644 2813 modo

1064 2908 1067 2915 ,
1155 2868 1305 2909 cum
1355 2845 1422 2905 in
1470 2846 1673 2907 risum
1735 2866 1942 2931 aeque
1987 2848 2379 2934 jocumque,
2427 2871 2501 2913 ac
2546 2852 2645 2913 sui

1156 2945 1795 3012 commendationem
1847 2963 2181 3029 uteretur,
2244 2951 2435 3017 brevi
2488 2951 2648 3016 effe·

1156 3049 1285 3123 cit,
1334 3062 1404 3109 ut
1459 3068 1588 3107 non
1646 3048 1841 3110 modo
1891 3052 2214 3132 gratiosus
2251 3055 2424 3137 apud
2471 3056 2647 3139 prin·

1155 3150 1376 3233 cipes,
1444 3161 1509 3210 et
1574 3149 2121 3228 contubornales,
2194 3156 2314 3216 sed
2374 3171 2648 3240 propter

1152 3248 1610 3313 fortitudinem
1646 3248 1825 3311 utilis
1863 3252 2054 3314 etiam
2083 3255 2248 3339 reip.
2282 3271 2493 3333 esset,
2530 3255 2647 3319 fie-

1149 3365 1388 3435 retque
1428 3350 1640 3412 indies
1682 3351 1750 3411 in
1810 3373 1884 3414 re
1938 3355 2204 3417 militari
2256 3355 2462 3443 magis
2501 3378 2646 3441 spe·

1152 3453 1429 3518 ctabilis.
1522 3456 1770 3530 Tamen
1814 3454 1975 3517 haec
2030 3455 2342 3539 ferenda,
2405 3460 2642 3542 partim

1151 3555 1347 3617 etiam
1391 3552 1713 3614 laudanda
1769 3554 2083 3635 fuissent,
2140 3560 2268 3621 nisi
2314 3558 2643 3621 membro·

1145 3677 1293 3716 rum
1323 3652 1567 3715 ‘feritas
1613 3653 1680 3712 in
1723 3676 1942 3718 mores
1984 3659 2175 3720 etiam
2214 3660 2642 3724 transivisset.
2713 3654 2718 3657 ⁴

1150 3757 1362 3852 Quam
1411 3755 1527 3816 ille
1574 3754 1868 3838 ingratus
1913 3759 1981 3819 in
2012 3760 2462 3823 'Alexandrum
2515 3763 2640 3824 sibi

1149 3855 1561 3931 beneficum,
1640 3879 1716 3919 ac
1781 3858 2069 3945 crudelis
2129 3861 2367 3937 fuerit,
2443 3855 2640 3948 'supra

1152 3958 1595 4043 exposuimus.
1644 3960 1800 4018 Mox
1845 3959 2102 4036 audito,
2149 3963 2496 4047 imperium
2559 3965 2640 4026 ab

1151 4081 1232 4125 eo
1256 4061 1471 4123 fuisse
1510 4075 1936 4144 occupatum,
1971 4076 2143 4125 tanta
2162 4068 2412 4127 Romae
2448 4086 2637 4148 prop·

1145 4178 1253 4227 ter
1314 4160 1640 4245 cognitam
1715 4163 1857 4244 ejus
1907 4164 2236 4228 feritatem
2286 4166 2639 4250 trepidatio

1146 4263 1312 4338 fuit,
1356 4276 1431 4324 ut
1460 4262 1698 4342 passim
1724 4278 1885 4326 ›vota
1916 4266 1981 4325 in
2026 4267 2289 4349 templis
2320 4261 2642 4351 'concipe-

1148 4378 1416 4436 rentur,
1460 4380 1544 4423 ne
1602 4362 1834 4424 urbem
1893 4388 2177 4449 unquam
2235 4367 2410 4430 istud
2460 4389 2644 4430 mon-
2703 4381 2704 4384 ’

1152 4478 1357 4529 strum
1388 4462 1664 4526 videret.
1708 4469 1938 4551 Neque
1959 4466 2310 4533 frustratus
2346 4483 2443 4533 est
2465 4490 2642 4533 com-

2295 436 2998 514 MAXIMINVS
3064 433 3126 505 -1.

2777 638 3043 683 munem
3105 612 3285 680 orbis
3357 613 3731 700 opinionem
3807 613 4061 678 vexatis
4121 632 4312 711 pro·

2776 734 2928 807 pter
2957 720 3404 782 inexhaustam
3443 716 3862 801 cupiditatem
3889 715 4308 800 provinciis,

2775 821 2984 885 caesis
3052 823 3242 884 nullo
3304 819 3721 895 discrimine,
3799 837 4092 902 quorum
4152 816 4322 899 'aut

2776 923 3145 1007 suspectior
3190 920 3396 998 fides,
3460 935 3570 984 aut
3628 920 3940 1004 pinguior
3981 919 4302 993 fortuna,

2765 1039 2885 1088 -aut
2928 1024 3165 1109 quibus
3203 1026 3537 1108 primaeva
3590 1043 3704 1083 sua
3743 1021 4128 1103 ignobilitas
4162 1041 4310 1086 co·

2765 1126 2959 1211 'gnita
3023 1126 3294 1196 fuisset,
3353 1125 3662 1187 nimirum
3713 1122 3822 1185 cui
3881 1120 4296 1204 persuasum

2773 1227 3027 1303 fuerat,
3074 1241 3147 1290 ut
3168 1227 3508 1312 professus
3557 1237 3657 1287 est
3691 1245 3870 1307 ipse
3913 1223 4293 1306 imperium

2773 1328 2901 1390 nisi
2943 1330 3334 1401 crudelitate
3380 1328 3592 1390 teneri
3651 1347 3781 1386 non
3832 1346 4070 1408 posse;
4139 1346 4300 1411 qno

2770 1430 3055 1506 factum,
3089 1445 3192 1507 ut,
3240 1450 3407 1517 quae
3453 1408 3775 1491 dirissima
3807 1441 3991 1489 vetus
4029 1446 4290 1491 aevum

2771 1532 2994 1594 habuit
3014 1554 3296 1607 nomina,
3336 1530 3664 1617 Cyclopia,
3708 1528 4055 1604 Busiridis,
4101 1531 4292 1593 Pha-

2774 1632 3038 1711 laridis,
3085 1634 3211 1696 sibi
3242 1646 3762 1719 promereretur.
3822 1633 3908 1693 At
3938 1653 4292 1716 nunquam

2774 1734 3175 1797 luculentior
3224 1735 3444 1797 bellua
3495 1732 3824 1818 apparuit,
3871 1755 4070 1819 quam
4118 1754 4283 1797 cum

2770 1835 3016 1899 factum
3062 1836 3145 1898 de
3186 1855 3255 1898 se
3301 1834 3941 1903 senatusconsultum
3991 1835 4280 1920 accepit,

2773 1958 2903 2022 quo
2938 1925 3144 2001 bostis
3178 1937 3439 2022 imperii
3465 1935 3792 2020 judicatus
3823 1951 3943 1999 est.
3988 1937 4273 2002 ttlisisse

2725 2046 2728 2051 ’
2769 2053 2909 2101 tum
2963 2053 3158 2123 capnt
3209 2039 3480 2122 parieti,
3524 2058 3986 2123 nonnunquam
4019 2040 4090 2100 in
4136 2053 4272 2102 ter-

2768 2163 2910 2204 ram
2974 2162 3044 2203 se
3107 2140 3466 2224 abjecisse,
3529 2142 3844 2203 clamasse
3904 2138 4268 2225 incondite,

2770 2242 3174 2306 conscidisse
3241 2257 3488 2305 vestem
3535 2241 3829 2325 regiam,
3887 2243 4261 2325 proximum

2769 2363 3098 2429 quemque
3157 2346 3497 2427 excepisse
3546 2342 3968 2421 verberibus,
4030 2354 4266 2410 auctor

2766 2461 2869 2509 est
2908 2446 3315 2531 Capitolinus
3346 2444 3434 2526 ¹³).
3518 2448 3739 2541 Quare
3775 2465 3921 2509 cum
3958 2444 4116 2508 urbs
4155 2466 4270 2509 ex·

2766 2560 2975 2610 trema
3012 2568 3312 2633 quaeque
3362 2548 3442 2611 ab
3486 2548 3740 2609 irritata
3790 2545 3913 2610 hac
3961 2546 4134 2610 furia
4183 2550 4266 2611 ti·

2766 2663 3020 2733 meret,
3080 2650 3301 2712 nullus
3342 2670 3623 2734 unquam
3677 2649 3953 2710 nuncius
4008 2649 4262 2733 majore

2767 2750 3008 2836 gaudio
3082 2769 3158 2812 ac
3236 2752 3676 2836 gratulatione
3752 2763 4057 2832 acceptus
4136 2763 4261 2825 est,

2763 2872 2955 2937 quam
2979 2852 3091 2937 qui
3124 2872 3382 2915 caesum
3415 2866 3758 2933 tyrannum
3792 2851 4260 2935 promulgavit,

2763 2954 2948 3038 cujus
2996 2952 3194 3020 fidem
3257 2953 3538 3036 primum
3603 2952 3972 3037 ambiguam
4030 2953 4258 3039 paullo

2761 3043 2912 3140 post
2947 3054 3397 3138 comprobavit
3430 3054 3716 3117 adlatum
3748 3055 4111 3139 utriusque,
4147 3076 4257 3138 pa·

2761 3157 2881 3221 tris
2940 3177 3016 3221 ac
3071 3155 3231 3235 filii,
3302 3171 3533 3240 caput,
3609 3153 3787 3240 quod
3858 3156 4256 3241 aliquamdiu

2759 3258 3025 3343 publice
3070 3258 3519 3342 propositum,
3586 3256 3860 3318 subinde
3896 3257 3964 3318 in
4018 3278 4248 3343 campo

2759 3360 2998 3424 Martio
3041 3360 3392 3422 insultante
3436 3359 3681 3444 populo
3729 3356 4009 3422 flammis
4064 3380 4254 3424 exus·

2758 3476 2896 3526 tum
2930 3476 3031 3525 est
3063 3463 3146 3542 ο).

2885 3565 3073 3635 onr
3108 3566 3392 3629 Paulina
3413 3609 3433 3640 ,
3476 3561 3559 3625 de
3591 3583 3721 3647 qua
3757 3561 3945 3625 infra.

3314 3744 3359 3783 st
3485 3698 3524 3738 αἱ
3649 3745 3687 3782 ff:

3041 3837 3558 3903 MAXIMINVS.
3688 3839 3905 3902 PIVS.

3040 3943 3313 4003 GERM.
3362 3943 3562 4020 Capu!
3591 3943 3971 4004 laureatum.

2754 4047 2827 4105 Ρ.
2878 4047 2967 4107 Μ.
3009 4046 3147 4106 ΤΒ.
3197 4045 3272 4103 Ρ.
3311 4043 3453 4104 lul.
3496 4039 3683 4103 COS.
3730 4043 3805 4103 P.
3855 4044 3927 4104 Ρ.
3971 4047 4246 4123 Impera-

2756 4157 2854 4208 tor
2876 4149 3229 4226 paludatus
3260 4155 3438 4205 stans
3478 4146 3642 4208 inter
3674 4146 3905 4223 siqua
3901 4147 4235 4208 militaria.

2755 4248 2830 4308 ln
2867 4245 3043 4310 omni
3073 4247 3340 4307 metallo
3372 4258 3437 4306 ct
3471 4243 3702 4305 forma.

3036 4365 3552 4434 MAxthVS
3606 4365 3748 4426 ET.
3815 4363 4234 4428 MAxmvs

3037 4464 3993 4535 AVGVST1.GERMAN1(31.
4061 4469 4238 4544 Capi-

4046 3841 4246 3907 AVG.

1216 4699 1281 4769 1)
1323 4684 1646 4767 C'Piwlin·
1678 4711 1738 4750 Ὀ·
1777 4697 1830 4751 4·
2013 4695 2085 4769 b)
2127 4698 2274 4773 Cap.
2318 4708 2405 4759 12⁷.

2589 4700 2648 4769 c)
2693 4693 3012 4772 Capitolin.
3055 4694 3116 4749 in
3154 4687 3418 4752 Maximo
3458 4711 3505 4750 c.
3548 4702 3598 4756 5.

3467 4831 3486 4859 ό

3206 4879 3221 4912 0
