4652 5937
1432 517 1775 594 1vL1A
1873 515 2315 632 DOMNA.

300 717 583 777 Matrem
616 709 927 780 Senatus,
986 715 1055 765 et
1086 705 1355 765 Matrem
1378 707 1640 782 patriae
1669 723 1798 766 una

299 814 572 876 Domna
605 807 939 892 appellare
974 823 1045 865 se
1094 802 1163 863 in
1209 802 1423 863 numia
1466 816 1570 865 est
1622 825 1797 866 ansa.

304 915 514 981 Enim
541 930 704 976 vero
720 905 1122 971 Caracallam
1145 903 1331 968 matri
1366 925 1590 967 curam
1607 903 1799 965 libel·

309 1019 575 1091 lorum,
631 1024 700 1074 et
755 1009 1220 1093 epistolarum,
1294 1004 1635 1088 utriusque
1675 1004 1800 1065 lin·

308 1137 485 1206 guae
532 1110 974 1186 commisisse,
1021 1110 1154 1171 suis
1206 1108 1289 1170 ad
1324 1120 1619 1170 senatum
1666 1105 1801 1189 epi-

306 1220 542 1296 stolis,
599 1237 749 1282 cum
803 1234 874 1276 se
931 1226 1123 1297 atque
1178 1207 1539 1271 exercitum
1572 1207 1799 1271 valere

308 1321 673 1395 scriberet,
734 1313 1061 1378 addidisse
1091 1330 1354 1394 semper
1380 1322 1450 1371 et
1498 1322 1799 1385 matrem,

308 1440 593 1506 eamque
646 1441 682 1480 a
728 1413 1055 1500 primariis
1103 1412 1262 1475 viris
1289 1409 1565 1494 perinde
1602 1430 1676 1472 ac
1725 1428 1797 1471 se

304 1523 607 1589 voluisse
651 1515 950 1591 salutari,
1010 1514 1222 1577 refert
1266 1512 1397 1574 Dio
1432 1513 1512 1591 ἰ).
1574 1509 1799 1604 Quare

306 1626 555 1690 mirum
604 1642 738 1684 non
782 1634 923 1694 est,
980 1637 1122 1679 eam
1160 1626 1339 1676 tanto
1383 1609 1648 1692 fastigio
1689 1609 1806 1673 ad-

232 1734 239 1737 “
308 1740 566 1793 suetam
640 1741 838 1806 aegre
900 1718 1129 1781 tulisse
1191 1716 1274 1778 ad
1338 1716 1663 1798 privatum
1721 1733 1796 1803 se

307 1842 554 1892 statum
611 1823 865 1907 redigi,
924 1832 992 1882 et
1054 1815 1428 1901 probabiles
1497 1828 1648 1878 sunt
1702 1814 1803 1877 in-

308 1928 561 2005 sidiae,
651 1946 809 2010 quas
863 1942 1007 1986 eam
1083 1919 1439 1981 intentasse
1501 1916 1799 1979 Macrino

244 2064 249 2065 ff
306 2051 514 2114 supra
550 2026 973 2091 ostendimus.
1015 2020 1248 2083 Matris
1286 2020 1685 2093 Castrorum,
1730 2029 1800 2080 et

303 2134 576 2196 Patriae
624 2147 867 2192 nomen
925 2144 1067 2187 eam
1114 2123 1242 2206 jam
1289 2120 1519 2184 tulisse
1565 2132 1797 2204 quarto

306 2231 694 2318 imperantis
727 2226 945 2290 mariti
989 2245 1197 2301 anno,
1257 2224 1467 2308 liquet
1505 2241 1590 2284 ex
1634 2241 1806 2282 mar-

306 2353 504 2397 more
576 2327 923 2396 Muratorii
963 2325 1051 2408 ξ’).
1166 2325 1385 2387 Etiam
1455 2323 1525 2385 in
1598 2341 1799 2384 numo

308 2436 740 2499 Paltenorum
792 2429 1021 2512 Syriae
1081 2426 1322 2490 dicitur
1366 2413 1804 2490 c‘erm&

307 2532 584 2614 ΜΗτ-ης
599 2580 617 2612 ,
663 2544 1011 2596 castrorum
1042 2539 1249 2591 mater
1277 2528 1359 2609 ο).

1041 2630 1081 2670 ιι

606 2739 690 2799 Vt
727 2737 824 2796 lit.
864 2737 925 2794 C.

314 2843 388 2905 8.
430 2839 510 2903 Ρ.
557 2836 641 2932 Q.
681 2839 764 2899 R.
824 2833 1143 2901 IVLIAE.
1204 2832 1582 2901 AVGVST.
1657 2834 1804 2894 Car·

303 2940 570 3024 pontum
605 2960 649 3001 a
673 2940 844 3000 binis
877 2939 1069 3000 mulis
1103 2946 1391 2998 tractum.
1448 2936 1589 2998 ΑΕ.
1630 2954 1804 2997 max.

312 3042 495 3106 mod.
540 3042 740 3122 (Mus.
756 3038 971 3101 Pisan.
977 3037 1007 3118 )
1038 3040 1194 3100 Fere
1225 3040 1460 3099 similis
1476 3041 1668 3114 alius,
1691 3040 1810 3100 sed

316 3145 459 3208 AE.
498 3145 551 3205 1.
596 3140 858 3220 (vain.)

1204 2674 1245 2716 fi

447 3242 761 3327 Carpenti
792 3240 1111 3303 honorem
1148 3261 1185 3300 a
1214 3252 1442 3302 senatu
1474 3240 1661 3302 vivae
1696 3239 1807 3301 ad·
1876 3231 1879 3236 ’

314 3349 449 3410 hnc
493 3344 793 3406 Domnae
842 3340 1182 3403 decretum
1226 3341 1296 3402 in
1325 3341 1450 3403 hac
1493 3340 1634 3423 ejus
1688 3359 1807 3421 po-

316 3446 523 3511 tentia
558 3457 735 3507 tanto
770 3442 984 3505 minus
1015 3441 1250 3504 mirum
1274 3487 1290 3518 ‚
1338 3464 1487 3506 cum
1526 3456 1592 3505 et
1628 3442 1802 3506 hune

316 3551 642 3611 honorem
685 3544 1037 3607 Messalina
1099 3542 1382 3620 Claudii,
1443 3537 1835 3627 Agrippina*

318 3649 562 3723 altera,
643 3659 709 3710 et
753 3645 1062 3708 Faustina
1109 3643 1360 3727 junior,
1422 3644 1802 3728 impotentis

315 3769 548 3815 omnes
582 3747 781 3832 animi
815 3746 1096 3809 feminae
1135 3746 1258 3807 sibi
1290 3745 1543 3830 pridem
1564 3739 1804 3812 'extor-

317 3850 557 3926 serint,
603 3862 675 3913 nt
708 3848 773 3910 in
804 3848 1037 3911 harum
1070 3847 1284 3914 numis
1331 3848 1632 3914 vidimus.

870 3991 911 4030 sse
1035 3949 1075 3987 ἐκ
1197 3989 1240 4030 G

524 4057 610 4117 Vt
647 4056 743 4117 lit.
775 4055 848 4112 B.

314 4155 673 4224 VICTOR.
720 4155 940 4221 lvs'r.
983 4149 1182 4222 AVG.
1240 4156 1531 4216 Victoria
1558 4157 1799 4218 sedens.

319 4258 460 4321 AR.
508 4258 709 4338 (Mus.
742 4256 961 4334 CaeS.)

444 4360 691 4422 Aversa
724 4357 791 4419 in
818 4360 1077 4418 Domna
1118 4355 1478 4432 rarissima,
1525 4369 1593 4419 et
1627 4356 1801 4419 sorte

318 4459 532 4525 unica.
617 4460 831 4544 Magis
887 4457 1078 4522 obvia
1106 4459 1176 4521 in
1216 4457 1501 4535 Severo,
1547 4474 1616 4524 et
1648 4462 1805 4523 Pes·

3262 548 3401 651 19‘{

1911 698 2184 777 oemio,
2227 699 2355 764 etsi
2383 699 2447 763 in
2491 700 2595 764 his
2629 703 2713 766 sit
2745 704 3036 772 Victoria
3069 709 3395 794 gradiens,

1910 823 2043 895 non
2071 802 2335 870 sedens·

2352 960 2572 1024 Diva
2611 962 2946 1027 Domnu-

2031 1094 2500 1159 ‘Consecratsm
2561 1116 2706 1161 eam
2748 1097 2956 1163 feisse
3003 1102 3401 1187 scriptorum
3437 1134 3456 1143 =

1912 1211 2211 1263 veterum
2245 1215 2440 1261 nemo
2480 1198 2804 1282 prodidit,
2852 1215 2915 1262 at
2950 1203 3126 1265 istud
3161 1205 3402 1269 docent

1910 1298 2114 1363 numi.
2172 1297 2450 1361 Factum
2493 1299 2669 1362 istud
2712 1317 2982 1365 curante
3017 1304 3401 1388 Elagabalo‚

1914 1400 2022 1463 cui
2069 1418 2191 1483 per
2240 1415 2515 1463 matrem
2573 1402 3026 1467 Soaemiadem
3069 1406 3400 1489 sanguinis

1909 1521 2118 1563 nexus
2166 1521 2314 1564 cum
2347 1504 2606 1566 Domna
2638 1502 2801 1581 fuit,
2861 1507 3022 1568 satis
3053 1507 3193 1590 ipsa
3229 1508 3398 1571 ratio

1910 1600 2284 1689 persuadet.

2195 1704 2433 1774 DIVA.
2477 1707 2738 1777 IVLIA.
2781 1659 3068 1777 A⁴VGVS
3076 1712 3211 1774 TA.
3294 1715 3406 1775 Ca-

2190 1820 2334 1889 put,
2347 1815 2644 1873 velatum.

1912 1910 2566 1976 CONSECRATIO.
2632 1910 2701 1972 8.
2747 1909 2819 1972 C.
2886 1912 3139 1973 Douma
3183 1919 3246 1977 d.
3294 1918 3409 1977 lea·

1912 2023 2078 2074 stam
2108 2017 2240 2076 velo
2256 2034 2380 2092 per
2413 2023 2609 2093 caput
2623 2016 2880 2074 sirmam
2903 2035 2948 2074 a
2981 2032 3237 2090 pavone
3270 2037 3407 2078 sur·

1911 2135 2053 2177 sum
2067 2117 2299 2195 fertur.
2344 2117 2483 2175 AE.
2526 2114 2580 2175 1.
2626 2116 2824 2193 (Mus.
2861 2114 3078 2193 Caes.)

2238 2219 2486 2278 Eadem
2523 2220 2822 2277 adversa.

1916 2314 2565 2382 CONSECRATIO.
2640 2322 2837 2381 Pavo.
2928 2318 3074 2379 AR.
3148 2317 3401 2401 (Beger

1921 2416 2119 2481 Thes.
2153 2419 2395 2481 Brand.
2427 2422 2506 2483 T.
2543 2420 2622 2480 11.
2652 2440 2719 2502 p.
2747 2417 2895 2505 696.
2940 2417 3172 2499 vain.)

2166 2578 2370 2638 Numi
2407 2578 2740 2637 commatis
2771 2578 3102 2656 per-cyrini
3118 2595 3140 2641 ε

1988 2740 2001 2753 ·
2040 2702 2239 2774 Nnmi
2289 2724 2418 2774 tam
2463 2716 2717 2776 urbium
2771 2714 3151 2801 liberarum,
3212 2732 3404 2795 quam

1888 2849 1891 2853 ·
1914 2816 2308 2876 coloniarum
2334 2812 2769 2897 copiosissimi
2788 2826 3062 2877 exstant.
3108 2813 3193 2873 At
3208 2810 3404 2874 raris·

1919 2914 2069 2980 simi
2097 2919 2567 2998 Alexandrini,
2614 2927 2686 2978 ut
2719 2914 2965 2979 dictum
2994 2935 3113 2978 suo
3143 2912 3319 2978 loco.

2135 3074 2576 3138 NOMINA
2623 3093 2722 3134 ac
2782 3072 3176 3156 TITVLI.

2484 3213 2812 3274 Domum

2043 3351 2301 3410 Nomen
2325 3346 2504 3409 istud
2537 3348 2707 3409 sitne
2741 3345 3014 3429 originis
3053 3344 3278 3428 syrae,
3322 3367 3405 3408 an

1915 3448 2227 3523 Latinae,
2288 3462 2358 3510 et
2413 3462 2816 3512 contractum
2870 3466 2951 3507 ex
2995 3449 3307 3521 Domina,
3366 3469 3406 3509 a

1911 3549 2112 3614 variis
2164 3549 2580 3633 disputatum.
2623 3547 2988 3610 Posteriori
3044 3547 3405 3610 sententiae

1914 3650 2207 3714 adhaesit
2237 3650 2635 3714 Pellerinius
2658 3695 2674 3727 ‚
2738 3649 3150 3732 statuitque‚‘
3187 3646 3256 3708 id
3290 3668 3408 3710 no·

1916 3772 2068 3815 men
2103 3751 2366 3814 mulieri
2391 3772 2513 3836 per
2547 3752 2980 3836 arrogantiam
3017 3748 3405 3834 quaesitum.

1917 3867 1983 3916 at
2029 3874 2181 3917 cum
2227 3858 2491 3917 Domae'na‘
2545 3855 2896 3939 appellatio
2946 3851 3261 3921 Romanis
3307 3851 3406 3911 in·

1916 3959 2052 4018 visa
2092 3959 2303 4030 esset,
2366 3955 2723 4038 mitigatam
2761 3957 2841 4018 ab
2879 3976 2958 4019 ea
2992 3956 3273 4020 nominis
3308 3958 3404 4019 in-

1788 4068 1796 4076 ’
1914 4056 2156 4120 vidiam
2204 4057 2553 4120 scribendo
2577 4102 2595 4133 ,
2641 4061 2890 4119 Damna
2932 4079 3057 4141 pro
3104 4062 3402 4122 Domina.

1916 4157 2088 4219 Sane
2145 4176 2384 4219 nomen
2432 4162 2683 4221 Damna
2750 4179 2883 4221 non
2944 4179 3091 4222 esse
3139 4160 3400 4242 Syrum,

1915 4259 2150 4344 probat
2179 4279 2379 4321 numo
2413 4258 2925 4341 Cyzicenorum,
2972 4261 3040 4324 in
3071 4283 3199 4348 quo
3225 4263 3404 4345 prin-

1916 4380 2074 4443 ceps
2158 4380 2387 4423 eorum
2479 4361 2603 4423 dea
2659 4361 3056 4446 Proserpina
3123 4364 3397 4428 dicitur:

1916 4457 2276 4527 AOMNA.
2299 4457 2676 4526 ΣΩΤΙΡΑ
2708 4460 2791 4546 d).
2834 4465 3016 4528 Haec
3037 4465 3160 4530 viri
3178 4465 3401 4528 eximii

389 4789 454 4862 a)
492 4783 559 4845 L.
595 4784 891 4848 LXXVII.
924 4775 1095 4859 5.18.
1168 4785 1237 4861 h)
1274 4788 1410 4868 Pag.
1448 4797 1610 4853 1088.
1644 4799 1697 4850 2.
1771 4792 1833 4864 c)
1862 4788 2078 4849 Sestini
2111 4789 2340 4849 Lettere
2371 4791 2440 4849 Τ.
2458 4789 2535 4854 V.
2554 4812 2614 4870 p.
2647 4794 2737 4857 66.
2814 4791 2882 4867 d)
2912 4792 3228 4852 Additions
3261 4801 3393 4872 pst.
