4652 5937
1213 519 1358 601 276

1206 703 1282 765 P.
1329 702 1421 763 M.
1468 701 1607 761 ΤΒ.
1647 697 1730 759 P.
1756 690 1900 769 ΧΠ.
1952 690 2142 759 COS.
2185 693 2298 755 111.
2343 693 2421 757 Ρ.
2453 693 2533 756 Ρ.
2577 696 2703 756 Im-

1197 812 1459 883 perator
1492 803 1851 881 paludatm
1890 801 1955 860 d.
2000 800 2251 859 hastam
2268 839 2285 874 ,
2331 816 2386 859 e.
2425 816 2701 873 parazo-

1203 907 1383 966 ‘m‘um
1416 912 1550 963 stat
1574 905 1744 963 inter
1764 903 1926 961 duos
1936 899 2172 977 fluvios
2188 900 2367 959 leumi
2376 901 2695 975 jacentes,

1201 1015 1266 1067 et
1296 1007 1379 1065 ab
1411 1007 1750 1065 accedente
1797 1009 1965 1062 retro
2005 1002 2295 1061 Victoria
2331 1011 2694 1065 coronatur.

1200 1107 1337 1169 ΔΕ.
1370 1124 1534 1166 max.
1576 1102 1749 1164 mod.
1787 1104 1987 1182 (Mus.
2023 1122 2167 1187 reg.
2202 1100 2415 1181 Gall.)

1482 1210 1777 1267 Adversa
1810 1209 2076 1268 incerta.

1198 1311 1275 1371 Ρ.
1332 1310 1424 1370 Μ.
1476 1297 1616 1368 ΤΗ.
1653 1307 1730 1366 Ρ.
1780 1305 1925 1368 ΧΠ.
1972 1307 2162 1371 COS.
2198 1309 2308 1370 111.
2351 1308 2430 1368 ΓΡ.
2456 1307 2532 1368 P.
2576 1307 2701 1367 Im·

1189 1414 1453 1491 perator
1477 1411 1833 1487 paludatus
1876 1412 1947 1487 in
1981 1413 2321 1495 quadriyis
2353 1411 2697 1489 triumpha-

1117 1586 1133 1599 ·
1196 1512 1392 1574 libus.
1435 1511 1576 1575 AV.
1613 1509 1873 1589 (Vaill.)

1318 1613 1618 1693 'Vterque
1661 1630 1900 1671 numus
1935 1610 2044 1674 hic
2086 1609 2457 1696 descriptus
2493 1609 2695 1672 decus

1193 1732 1279 1775 ex
1311 1712 1492 1774 bello
1529 1710 1797 1773 Persico
1819 1712 2091 1793 *partum
2135 1712 2354 1775 offert.
2400 1709 2694 1773 Alterius

1196 1815 1401 1888 numi,
1436 1813 1618 1874 aurei
1639 1811 1988 1884 videlicet,
2021 1810 2151 1892 jam
2188 1812 2692 1891 annoV.C.984

1193 1912 1502 1990 fflemini,
1546 1935 1677 1996 quo
1697 1890 1859 1976 'loco
1895 1912 1980 1974 de
2015 1912 2204 1975 initio
2240 1911 2401 1975 belli
2437 1913 2691 1975 Persici

1193 2013 1541 2097 disputavi.
1618 2013 1994 2075 Exhibetur
2028 2013 2096 2075 in
2127 2013 2259 2076 hoc
2295 2014 2687 2097 triumphus,

1190 2134 1386 2200 quem
1409 2114 1491 2177 de
1510 2116 1733 2177 Persis
1760 2114 1946 2178 victis
1967 2113 2461 2198 egisse-Alexan
2474 2115 2688 2190 drum,

1186 2228 1468 2277 testatur
1498 2215 1917 2300 Lampridius
1950 2214 2030 2295 ⁸).
2074 2219 2231 2279 Post
2263 2220 2382 2280 hoc
2420 2222 2689 2280 Romam

1186 2320 1366 2379 venit
1379 2359 1398 2391 ,
1444 2323 1884 2403 triumphoque
1890 2320 2316 2396 pulcherrimo
2347 2331 2493 2383 acto
2515 2324 2694 2394 apud

1074 2490 1079 2495 ¹
1188 2424 1933 2500 cenatumprimumhaec
1951 2426 2145 2486 verba
2176 2425 2405 2484 habuit
2418 2433 2535 2484 etc.
2575 2421 2689 2483 ad-

1188 2519 1322 2596 dit,
1370 2520 1734 2584 orationem
1802 2524 1971 2587 hanc
2026 2523 2108 2586 ad
2159 2533 2454 2585 senatum
2507 2521 2690 2586 habi-

1190 2634 1323 2683 tam
1390 2620 1496 2684 die
1538 2622 1680 2690 VII.
1740 2626 2023 2689 Kalend.
2072 2608 2312 2687 O‘ctob.
2399 2625 2547 2688 Hoc
2594 2625 2688 2686 di-

1190 2723 1430 2784 sertius
1480 2745 1714 2785 numus
1764 2725 1949 2808 prior
1994 2705 2355 2788 Alexandri
2402 2726 2471 2788 in
2502 2724 2684 2787 bello

1183 2825 1460 2888 Persico
1524 2827 1832 2888 virtutem
1894 2828 2268 2913 praedicat,
2335 2825 2489 2888 dum
2548 2825 2603 2887 is
2646 2848 2683 2889 a

1187 2925 1488 2992 Victoria
1540 2941 1893 2998 coronatus
1971 2929 2040 2990 in
2113 2927 2334 2991 medio
2402 2915 2682 2991 duorum

1185 3025 1542 3090 fluviorum
1592 3028 2023 3110 proponitur,
2090 3029 2328 3113 quibus
2378 3032 2682 3111 Mesopo·

1052 3195 1057 3198 .
1185 3127 1420 3203 tamia,
1466 3119 2101 3212 quam'Lampridius
2134 3148 2218 3194 ex
2260 3131 2531 3193 nomine
2563 3142 2684 3193 ter-

1186 3249 1299 3288 ma
1349 3232 2102 3306 interamnanas.vocat,
2182 3230 2325 3314 ejus
2369 3228 2680 3292 nimirum

1192 3329 1355 3389 belli
1411 3328 1740 3392 theatrum
1801 3330 2152 3397 indicatur.
2238 3329 2710 3407 Herodianus(

1186 3430 1340 3512 qui,
1406 3443 1478 3492 ut
1532 3430 1618 3492 ad
1675 3453 1910 3494 annum
1977 3435 2390 3518 superiorem
2434 3432 2680 3510 monui,

1182 3531 1432 3594 multus
1473 3546 1572 3595 est
1610 3532 1677 3593 in
1732 3536 2324 3610 commemorandis
2360 3535 2678 3611 cladibus,

1182 3645 1460 3715 propter
1489 3655 1648 3718 quas
1697 3636 2023 3700 excedere
2060 3636 2537 3722 Mesopotamia
2572 3656 2680 3699 co-

1181 3749 1367 3796 actus
1403 3749 1504 3797 est
1532 3735 1939 3814 Alexander,
1987 3753 2134 3801 cum
2176 3757 2259 3800 ex
2294 3737 2398 3800 his
2440 3735 2677 3813 numis,

1179 3849 1317 3898 tum
1381 3836 1756 3900 testimonio
1816 3838 2220 3922 Lampridii,
2267 3838 2680 3921 aliorumque

1181 3935 1540 4000 refellitur.
1604 3941 1768 4000 Nam
1820 3941 1876 4002 si
1920 3940 2199 4004 inferior
2243 3960 2328 4002 ex
2373 3938 2682 4002 eo'bello

1182 4031 1634 4117 discessisset,
1678 4053 2027 4125 perspecta
2063 4040 2206 4124 ejus
2235 4041 2304 4102 in
2336 4040 2515 4104 omni
2547 4040 2682 4105 vita

1179 4138 1634 4205 moderatione
1685 4161 1763 4206 ac
1810 4140 2157 4226 prudentia
2187 4188 2203 4219 ‚
2260 4163 2394 4205 non
2445 4140 2685 4205 admis-

1177 4241 1370 4305 sisset
1415 4242 1745 4319 bonores,
1791 4243 1905 4330 qui
1949 4240 2245 4307 conferri
2285 4242 2551 4307 nonnisi
2590 4263 2666 4307 re

1176 4362 1499 4426 prospere
1552 4359 1736 4429 gesta
1776 4358 1925 4407 sunt
1971 4345 2182 4421 soliti,
2229 4343 2674 4430 satisqueha·

1170 4442 1427 4506 ›buisset
1460 4445 1871 4508 dissimulare
1904 4445 2246 4529 jacturam.
2313 4446 2672 4531 speciatim

1175 4557 1245 4606 et
1305 4546 1755 4608 Herodianum
1837 4547 2149 4615 refutavit
2222 4543 2668 4635 Lampridius,

2055 456 2807 582 ALEXANDER
2876 494 3434 582 SEVERVS.

2812 705 3123 777 tanquam
3154 687 3489 754 diversum
3526 687 3606 754 ab
3638 688 3781 754 aliis
3803 689 4192 758 sentientem
4222 688 4313 779 ¹³).

2812 793 3050 857 Refert
3106 793 3326 869 idem,
3402 813 3669 855 currum
3736 792 4202 878 triumphalem
4273 810 4312 864 a

2813 909 3096 979 quatuor
3141 881 3526 978 elephantis*
3558 892 3764 958 fuisse
3804 908 4065 960 vectum
4099 898 4199 979 ο),
4244 887 4314 965 at‘

2809 1017 3048 1060 numus
3085 982 3298 1080 equos
3330 994 3620 1058 exhibet.
3666 995 3889 1091 Quare
3925 1010 4037 1060 aut
4068 999 4306 1067 falsum

2815 1099 3090 1181 edoctus
3155 1111 3258 1159 est
3316 1093 3771 1179 Lampridius,
3832 1112 3943 1161 aut
4001 1100 4111 1165 hic
4169 1124 4302 1170 non

2812 1198 3026 1283 ipsum
3058 1197 3502 1284 triumphum,
3548 1197 3667 1258 sed
3704 1198 3903 1274 alium
3921 1221 4306 1283 processum
4378 1238 4384 1243 “

2810 1301 2986 1365 inter
3017 1300 3182 1364 haec
3214 1298 3510 1369 solennia
3539 1312 3882 1383 peractum
3908 1300 4246 1391 intelligit.
4298 1323 4302 1327 ’

3017 1407 3101 1466 Vt
3139 1405 3353 1465 ΗΑΛ.
3439 1440 3444 1445 ·

2809 1505 3421 1569 LIBERALITAS.
3492 1500 3693 1573 AVG.
3752 1504 3839 1576 V.
3910 1508 4306 1573 Liberalitas

2808 1619 3008 1670 stans.
3050 1609 3189 1675 AV.
3237 1609 3437 1690 (Rus.
3485 1607 3705 1686 Caest)

2808 1810 2884 1871 Β.
3087 1810 3266 1872 ῙΜΡ.
3335 1810 3523 1876 SEV.
3585 1810 4034 1879 ALEXAND.
4096 1815 4300 1886 AVG.

3094 1915 3297 1990 Caput
3349 1914 3729 1976 laureatum.
4229 1978 4236 1987 ,

2804 2010 3417 2077 LIBERALI'I'AS.
3455 2013 3721 2081 AVGG.
3753 2016 3834 2083 V.
3875 2020 4055 2080 Idem
4097 2028 4304 2099 (typus.

2804 2105 2945 2178 AR.
2978 2116 3175 2197 (Mus.
3217 2116 3435 2196 Caes.)
3478 2117 3603 2179 Est
3635 2116 3924 2181 fabricae
3963 2110 4304 2184 barbarae.

3090 2220 3175 2277 Vt
3215 2219 3312 2278 lit.
3342 2220 3432 2282 A.

2802 2304 3415 2381 LIBERALITAS.
3483 2317 3896 2388 AVGVs‘m.
3959 2322 4041 2389 V.
4101 2321 4172 2383 S.
4219 2323 4299 2387 C.

2798 2423 2979 2482 Idem
3007 2431 3212 2501 typus.
3256 2422 3329 2482 In
3360 2420 3539 2484 aliisz
3585 2426 3938 2501 Imperator
3961 2426 4301 2504 σαπρίαν-ὅσ

2795 2526 3196 2601 praesidens.
3242 2523 3378 2584 ΔΕ.
3424 2524 3478 2584 1.
3527 2526 3728 2603 (Mus.
3775 2523 3994 2602 Caes.)

2879 2672 2888 2675 -
2930 2627 3130 2686 Teste
3146 2622 3530 2708 Lampridio
3564 2621 3627 2705 d)
3649 2624 4024 2688 Alexander
4060 2623 4296 2688 eodem

2802 2722 2912 2788 die
2967 2726 3149 2793 V111.
3209 2727 3362 2791 Kal.
3421 2723 3682 2788 Octob.=
3729 2723 4114 2789 concionem
4180 2728 4298 2788 bu·-

2798 2824 3085 2908 jusmodi
3135 2826 3393 2891 habuit:
3461 2832 3778 2906 Quirites,
3837 2832 4108 2891 vicimus
4148 2831 4299 2891 Per·

2751 2928 2762 2931 “
2798 2947 2911 2990 sas
2928 2972 2945 3005 ,
2990 2932 3228 2993 milites
3246 2933 3478 2994 divites
3496 2918 3907 3007 reduximus,
3953 2932 4133 2994 vobis
4150 2949 4298 2993 cou-

2792 3032 3083 3110 9iarium
3112 3036 3496 3116 pollicemur
3510 3076 3527 3106 ,
3572 3052 3719 3093 cras
3762 3035 3948 3096 ludos
3972 3036 4294 3095 Circenses

2797 3134 3093 3195 Persicos
3127 3137 3444 3196 dabimus.
3491 3134 3576 3194 Et
3615 3133 3853 3216 'paullo
3886 3132 4091 3195 infrat
4134 3135 4296 3195 Alia

2796 3227 2904 3295 die
2924 3237 3089 3296 actis
3109 3238 3508 3298 Circensibus
3522 3278 3538 3309 ‚
3584 3246 3649 3297 ee
3670 3238 3822 3296 item
3840 3238 4012 3297 ludis
4025 3238 4299 3298 scenicis

2796 3336 3096 3415 deinceps
3124 3341 3528 3418 conyiarium
3557 3339 3796 3417 populo
3830 3337 3904 3400 Β.
3922 3340 4118 3399 dedit.
4160 3339 4297 3399 Nu-

2796 3455 2941 3497 mus
2980 3435 3151 3498 alter
3200 3451 3553 3521 argenteus
3584 3451 3851 3521 praeter
3879 3457 4132 3501 morem
4171 3457 4294 3499 no—

2795 3555 2948 3598 meu
2994 3541 3105 3600 Pii
3155 3539 3222 3599 in
3267 3538 3477 3601 antica
3531 3537 3810 3615 omittit,
3870 3552 3938 3602 et
3986 3539 4053 3601 in
4105 3558 4291 3626 aver-

2793 3656 2905 3712 sa,
2951 3637 3131 3722 quod
3176 3638 3245 3701 in
3287 3642 3473 3702 nullo
3523 3638 3745 3721 adhuc
3780 3640 4139 3704 Alexandri
4169 3662 4290 3704 nu·

2794 3758 2903 3800 mo
2942 3738 3233 3816 adverti,
3279 3740 3541 3811 AVGG.
3573 3762 3696 3826 pro
3724 3741 3921 3804 solito
3956 3740 4158 3809 AVG.
4191 3740 4292 3804 of-

2792 3835 2948 3902 fert.
2993 3840 3577 3906 Animadversione
3614 3857 3968 3928 utrumque
4017 3841 4287 3926 dignum

2795 3939 2973 4004 foret
3012 3940 3082 4002 in
3135 3961 3336 4006 numo
3388 3944 3691 4007 consueti
3725 3946 3984 4019 cultus,
4029 3955 4094 4007 at
4135 3958 4288 4006 cum

2794 4042 3116 4114 barbarae
3165 4044 3255 4110 sit
3291 4043 3618 4122 fabricae,
3664 4044 3885 4129 legem
3918 4044 4143 4114 faeere
4170 4062 4292 4107 ne-

2792 4144 2961 4233 quit.
3481 4225 3497 4233 p
3869 4137 3892 4150 t

3161 4249 3234 4310 V.
3273 4248 3342 4313 C.
3374 4255 3523 4313 98⁷.
3559 4249 3634 4311 Ρ.
3663 4250 3750 4313 X.
3780 4256 3928 4314 234.

2835 4351 2961 4413 Te.
3009 4351 3078 4414 Ρ.
3128 4350 3318 4412 XIII.
3367 4352 3547 4414 COS.
3612 4354 3737 4416 III.
3796 4355 3873 4416 Ρ.
3915 4355 4004 4416 Μ.
4045 4354 4116 4414 Ρ.
4161 4350 4238 4413 P.

3424 4454 3655 4516 PJVS.

2915 4554 3210 4616 Maximo
3247 4554 3341 4617 11.
3391 4554 3456 4622 C.
3487 4556 3705 4619 Caelio
3730 4556 3986 4618 Vrbano
4020 4573 4151 4618 eos.
4253 4545 4262 4551 ⁴

1198 4691 4264 4725 m
4287 4693 4298 4696 “

1250 4778 1311 4851 a)
1352 4776 1500 4856 Cap.
1540 4776 1631 4844 56,
1815 4773 1889 4848 b)
1931 4777 2081 4855 Cap.
2118 4785 2214 4842 51⁷.
2404 4781 2465 4858 c)
2503 4778 2634 4839 1.·ο.

2815 4779 2888 4854 d)
2927 4780 3080 4870 Cap.
3119 4790 3207 4847 57.
3263 4767 3270 4775 ⁶
