4652 5937
1259 399 1908 496 BALBINVS,
1977 402 2612 479 PVPIENVS.

414 576 769 661 Gordiani,
816 584 939 648 etsi
975 582 1303 661 Caesaris,
1353 599 1543 670 eaput
1576 587 1896 651 radiatum

413 701 629 749 tamen
653 698 774 762 est,
818 706 949 770 quo
970 687 1149 750 cultu
1168 688 1724 753 Diadumenianus
1745 708 1904 776 quo-

419 808 545 871 que
577 787 643 850 in
673 786 1008 852 nonnullis
1046 788 1263 851 numis
1298 804 1659 875 comparet.

974 933 1013 972 fi
1139 889 1179 926 *¹
1300 932 1339 971 fi

704 994 789 1053 Vt
829 993 925 1051 lie.
958 1000 1039 1052 Α.
1079 999 1146 1051 e!
1176 992 1240 1053 C.

416 1094 491 1154 P.
530 1093 621 1152 M.
660 1094 797 1153 ΤΡ..
834 1092 909 1151 Ρ.
931 1089 1121 1152 cos,
1155 1092 1235 1152 11.
1257 1091 1331 1151 P.
1364 1092 1441 1153 Ρ.
1473 1078 1679 1152 naret.
1711 1091 1905 1171 typis.

413 1191 559 1258 AV.
590 1192 727 1252 AR.
764 1191 906 1254 AB.
937 1195 986 1256 1.
1025 1193 1104 1253 ΙΙ.
1140 1194 1339 1270 (Mus.
1377 1188 1592 1270 Caes.)

545 1291 962 1354 Memorandi
999 1292 1067 1352 hi
1102 1292 1280 1353 numi
1314 1305 1591 1376 propter
1613 1288 1804 1356 COS.
1824 1290 1904 1351 11.

419 1391 504 1455 de
535 1412 664 1477 quo
692 1392 860 1455 infra
897 1394 1017 1456 sub
1052 1393 1241 1457 titulo
1277 1397 1528 1472 Consul.

695 1618 901 1677 Numi
936 1617 1268 1679 commatis
1301 1616 1649 1695 pereyrim‘.

561 1797 834 1882 Aliquot
867 1797 1023 1860 item
1064 1801 1314 1861 urbium
1343 1800 1688 1861 liberarum
1719 1796 1921 1859 habe·

432 1920 576 1963 mus
609 1920 846 1962 numos
870 1942 888 1975 ,
931 1899 1106 1960 inter
1137 1919 1301 1984 quos
1353 1899 1629 1961 eximius
1668 1898 1760 1974 is,
1805 1897 1919 1983 qui

431 2003 722 2085 signatus
753 2014 851 2064 est
866 1999 1037 2084 apud
1055 2002 1268 2084 Aegas
1290 1999 1558 2063 Ciliciae
1579 2017 1726 2061 cum
1749 2019 1918 2061 anno

435 2104 728 2189 epochae
769 2098 993 2179 CHA,
1056 2101 1170 2185 qui
1207 2100 1437 2184 incipit
1490 2099 1559 2161 in
1610 2110 1919 2163 autumno

436 2209 518 2276 V.
555 2208 626 2269 C.
670 2224 816 2288 qqo.
866 2207 1167 2267 Coloniae
1205 2203 1447 2278 unius,
1478 2219 1716 2281 nempe
1738 2199 1922 2281 Tyri,

435 2329 707 2371 numum
749 2305 1026 2390 protulit
1068 2301 1469 2365 Pellerinius
1500 2301 1591 2383 ⁸),
1636 2304 1945 2365 Alexan!

436 2413 614 2472 drim‘
651 2408 1001 2471 admodum
1046 2405 1180 2468 rari
1228 2418 1411 2480 sunt,
1456 2410 1736 2486 q‘uorum
1780 2401 1931 2463 nul-

439 2509 545 2573 lus
581 2510 884 2595 cognitus
935 2507 1059 2571 fuit
1093 2504 1503 2570 Beauvaisio.
1580 2505 1733 2566 Duo
1777 2515 1929 2564 sunt

440 2613 509 2674 in
543 2630 775 2675 museo
812 2611 1170 2687 Caesareo,
1214 2607 1442 2693 plures
1478 2605 1644 2669 alios
1678 2602 1931 2691 repetit

450 2713 537 2779 cl.
581 2700 829 2798 zoega.

1015 2933 1389 2997 Nomina.

573 3118 963 3181 BALBINI.
990 3117 1286 3179 Decimus
1325 3117 1576 3178 Caelius
1602 3114 1939 3174 Balbinus.

453 3226 527 3285 ln
567 3219 807 3304 insigni
849 3215 1292 3281 Alexandrino
1334 3216 1546 3278 musei
1597 3212 1935 3278 Caesarei:

454 3325 536 3387 A.
572 3323 657 3385 K.
693 3318 895 3383 ΛΕΚ.
924 3317 1008 3381 Κ.
1050 3312 1710 3378 AN.BAAB1NOC.
1750 3310 1942 3377 (ΖΕΒ.

454 3426 714 3488 Nomen
753 3418 906 3482 AN.
959 3404 1256 3501 ae‘nigma
1304 3429 1445 3492 est,
1490 3417 1665 3501 quod
1713 3436 1793 3477 an
1831 3434 1942 3476 ex-

458 3522 894 3610 plendumsit
941 3519 1228 3602 legendo
1264 3521 1555 3593 Annius,
1600 3517 1708 3578 vel
1744 3520 1945 3577 Anto-

461 3630 695 3704 ninus,
738 3625 845 3688 vel
866 3621 1095 3697 aliter,
1144 3619 1225 3682 ab
1258 3620 1404 3683 aliis
1440 3616 1711 3682 edoceri
1728 3614 1945 3699 cupio.

591 3728 969 3790 PVPIENI.
1022 3727 1111 3785 M.
1161 3726 1415 3786 Clodius
1444 3725 1765 3802 Pupienus
1808 3719 1951 3779 Ma-

464 3833 718 3904 ximus,
764 3824 978 3888 numis
1014 3824 1363 3908 perspicue
1399 3821 1784 3886 docentibus
1817 3832 1949 3879 tam

468 3930 762 4004 Latinis,
823 3945 988 4012 quos
1037 3925 1357 3999 vidimus,
1415 3943 1608 4007 quam
1656 3919 1950 3995 Graecis,

460 4033 533 4093 in
565 4029 802 4115 quibus
840 4031 933 4092 M.
970 4018 1953 4094 noTss1H.MA‘31Moc.in

465 4151 663 4193 numo
703 4129 932 4213 Siphai
964 4127 1359 4212 (Theupoli)
1382 4169 1399 4202 ,
1445 4136 1511 4186 et
1543 4122 1855 4186 similiter
1884 4121 1954 4182 in

471 4230 951 4296 Alexandrinis».
1017 4225 1460 4312 Capitolinus,
1505 4246 1653 4290 cum
1689 4224 1758 4285 in
1807 4222 1954 4286 aliis

476 4333 906 4418 scriptoribus
948 4333 1343 4406 Maximum,
1406 4327 1473 4389 in
1527 4327 1673 4390 aliis
1718 4325 1957 4409 Pupie-

543 4639 604 4709 a)
641 4636 781 4706 Περ.
820 4631 894 4692 11.
932 4652 991 4711 p.
1029 4631 1107 4691 V.

1290 4630 1361 4722 b>
1399 4629 1461 4687 in
1499 4623 1814 4686 Maximino
1854 4626 1975 4702 jun.
2016 4646 2144 4702 cap.
2180 4621 2290 4681 ult.

3352 425 3492 490 307

2015 604 2172 646 num
2212 582 2523 652 adversus
2552 586 2976 650 Maximinum
3001 587 3283 654 bellasse
3320 591 3502 676 lege·

2014 698 2141 761 ret,
2188 687 2356 750 mire
2375 686 2821 773 perturbatur,
2852 702 2918 752 et
2941 689 3197 753 nescire
3219 712 3290 753 se
3309 691 3506 775 profi·

2014 796 2230 861 tetur,
2275 787 2452 850 unde
2478 808 2669 852 error
2702 789 2809 850 hic
2842 803 3031 852 natus
3067 791 3186 867 sit,
3231 797 3511 875 nis-isos·-

2018 898 2115 963 te,
2163 887 2281 962 ait,
2328 891 2495 949 idem
2527 900 2625 950 est
2655 893 3007 968 Pupienus,
3052 896 3168 973 qui
3206 905 3271 956 'et
3296 899 3516 958 Maxu&

2014 996 2178 1051 mus.
2253 992 2443 1065 Quod
2470 991 2614 1052 ideo
2654 999 2953 1052 testatum
2974 997 3169 1072 posui
3186 1038 3203 1069 ,
3250 1015 3331 1056 ne
3363 1001 3511 1079 qm’s

2018 1097 2118 1151 me
2145 1093 2265 1153 Ιιοσ
2294 1092 2572 1151 nescisse
2589 1095 2885 1165 crederet,
2927 1098 3105 1174 quod
3130 1115 3353 1157 revera
3379 1117 3517 1159 ma·

2015 1200 2215 1271 ynam
2259 1201 2575 1268 stuporem
2597 1231 2613 1264 ,
2659 1211 2740 1252 ac
2780 1196 3159 1255 miraculum
3202 1207 3379 1258 creat
3424 1198 3510 1278 b).

2022 1291 2205 1351 Idem
2240 1289 2510 1351 dubium
2542 1305 2817 1353 renovat
2852 1291 2919 1353 in
2944 1294 3233 1359 Maximo
3267 1311 3335 1360 et
3365 1298 3520 1361 Bal-w

2022 1388 2180 1452 bino
2212 1391 2294 1471 0).
2343 1391 2638 1454 Tandem
2683 1393 2808 1453 sibi
2840 1396 3153 1457 abolitum
3198 1410 3516 1478 stuporem

2026 1490 2426 1574 gratulatur,
2447 1550 2453 1555 ,
2473 1514 2622 1556 cum
2651 1492 2909 1576 legeret
2940 1494 3006 1555 in
3026 1496 3521 1573 Fortunatiano,

2029 1590 2404 1674 Pupienum
2449 1592 2695 1656 dictum
2739 1595 3005 1657 nomine
3056 1619 3212 1675 suo,
3277 1591 3522 1684 cogno-

2030 1692 2209 1754 mine
2246 1712 2410 1757 vero
2446 1707 2720 1776 paterno
2757 1697 3140 1760 Maximum.
3200 1699 3520 1762 Dubitare

2032 1792 2102 1854 in
2152 1811 2229 1854 re
2272 1793 2466 1858 obvia
2516 1795 2809 1878 potuisse
2861 1797 3236 1876 hominem,
3295 1800 3407 1884 qui
3454 1801 3525 1863 in

2036 1893 2447 1957 Constantini
2477 1895 2644 1980 Aug.
2668 1898 2941 1979 gratiam
2973 1899 3138 1963 vitas
3173 1900 3525 1986 imperato·

2020 2008 2183 2055 ‘rum
2216 1994 2516 2077 scripsit,
2560 1995 2736 2057 istud
2791 2020 3011 2061 revera
3059 2024 3360 2083 maynum
3398 2015 3528 2067 stu-

2027 2114 2249 2173 porem
2281 2115 2362 2157 ac
2387 2097 2770 2161 miraculum
2803 2110 2998 2163 creat.

2516 2320 2683 2383 Trib.
2719 2329 3026 2398 potestas.

2165 2497 2544 2562 Recitatur
2524 2524 2592 2563 m
2623 2522 2848 2566 museo
2871 2504 3268 2570 Farnesiano
3288 2525 3532 2570 aeneus

2044 2600 2097 2660 1.
2142 2598 2439 2677 formae,
2486 2617 2552 2666 et
2597 2627 2633 2666 a
2678 2605 3107 2668 Mediobanbo
3156 2621 3530 2692 argenteus,

2044 2701 2113 2763 in
2151 2701 2388 2784 quibus
2430 2702 2712 2767 Balbino
2756 2703 3096 2768 confertur
3149 2707 3299 2772 trib.
3351 2722 3536 2791 pote·

2048 2816 2178 2865 stas
2212 2804 2290 2863 11.
2314 2846 2332 2878 ,
2381 2802 2493 2887 qui
2528 2804 2692 2868 adeo
2744 2804 2968 2868 favent
3013 2827 3240 2870 conum
3276 2823 3537 2871 senten·

2046 2904 2219 2979 tiae,
2267 2904 2378 2989 qui
2424 2904 2783 2988 imperasse
2825 2906 3011 2968 illum
3068 2929 3214 2972 eum
3257 2911 3536 2995 conlega

2050 3029 2291 3070 annum
2347 3028 2586 3083 unum,
2633 3008 2786 3089 quin
2832 3024 2898 3071 et
2944 3009 3108 3072 duos
3156 3009 3537 3077 adseruere.

2050 3107 2187 3170 At
2166 3105 2297 3189 jam
2351 3129 2546 3191 supra
2593 3107 2659 3167 in
2692 3109 3050 3182 Maximino
3096 3110 3540 3194 probavimus,
3571 3109 3576 3113 ”

2052 3223 2188 3270 tres
2224 3208 2491 3271 circiter
2510 3229 2791 3286 menses,
2838 3231 3053 3296 neque
3083 3212 3383 3293 amplius,
3425 3211 3544 3274 ho·

2053 3331 2200 3371 rum
2239 3308 2562 3372 durasse
2543 3311 2915 3392 imperium.
2981 3310 3202 3403 Quare
3232 3327 3542 3395 praestat,
3633 3349 3638 3354 ·

2056 3408 2178 3472 hos
2213 3430 2443 3472 numos
2483 3424 2594 3473 aut
2633 3410 2928 3492 spurioS,
2975 3424 3084 3472 aut
3116 3413 3287 3476 male
3332 3416 3544 3478 lectos

2057 3510 2395 3593 suspicari.
2444 3513 2640 3577 Certe
2658 3509 2821 3573 mihi
2851 3511 3099 3576 similes
3128 3514 3355 3578 videre
3388 3527 3549 3577 non-

2062 3610 2219 3674 dum
2267 3609 2476 3674 licuit.

2661 3834 2977 3898 ConsuL

2190 4015 2538 4079 Balbinum
2575 4014 2642 4077 in
2675 4016 2889 4078 numis
2916 4014 3044 4079 dici
3077 4020 3414 4082 consulem
3448 4021 3557 4096 11.,

2064 4138 2472 4203 nequaquam
2527 4117 2804 4193 mirum,
2864 4139 3011 4181 nam
3061 4118 3160 4180 bis
3211 4140 3363 4183 eum
3404 4140 3559 4205 pro·

2068 4220 2345 4286 cessisse
2386 4239 2612 4282 revera
2650 4231 2971 4281 testantur
3000 4219 3450 4298 Herodianus3
3490 4237 3560 4285 et

2038 4321 2499 4407 Capitolinus.
2578 4321 2710 4384 Sed
2752 4335 2817 4383 et
2849 4319 3182 4405 Pupienus
3231 4321 3300 4383 in
3343 4321 3559 4385 numis

2473 4629 2536 4698 e)
2577 4624 2723 4700 Cap.
2764 4625 2851 4689 16.

2944 4714 3171 4811 ΩΨ
