4652 5937
1328 517 1423 587 48

1453 684 1557 745 De
1607 681 1925 767 singulari
1976 681 2169 766 hujus
2219 682 2401 744 numi
2455 682 2815 767 epigraphe

1324 797 1559 869 agetur
1615 784 1683 845 in
1746 784 2042 849 doctrina
2115 785 2200 849 de
2264 784 2417 848 trib.
2490 797 2815 870 potestate

1320 885 1477 949 Vol.
1508 887 1685 954 V111.

1297 1160 1305 1168 ,
1664 1093 1737 1151 V.
1788 1091 1853 1151 e.
1890 1099 2037 1155 913.
2085 1094 2155 1152 P.
2197 1093 2284 1154 X.
2332 1098 2476 1155 rso.

1449 1192 1808 1255 CAESAR.
1864 1196 1986 1254 ra.
2033 1194 2104 1254 P.
2150 1194 2331 1253 XJV.
2382 1193 2558 1256 cos.
2600 1191 2695 1257 11.

1404 1300 1415 1304 ·
1886 1297 2081 1358 DES.
2128 1296 2255 1357 m.
2665 1306 2668 1315 ’

1590 1460 2061 1528 AVRELIVS.
2079 1461 2438 1524 CAESAR.
2456 1459 2655 1529 AVG.
2668 1460 2809 1522 ΡΠ.

1589 1562 1666 1621 F.
1734 1564 1936 1639 Caput
1958 1566 2219 1624 nudum.
2623 1636 2628 1641 ,

1308 1666 1448 1727 ΤΒ.
1478 1660 1680 1725 ΡΟΤ.
1715 1662 1921 1721 xlm.
1957 1663 2153 1727 COS.
2175 1666 2256 1727 11.
2285 1661 2508 1727 addito
2543 1663 2611 1724 in
2645 1682 2808 1725 non·

1303 1764 1542 1827 nullist
1599 1762 1888 1841 DESIG.
1940 1764 2049 1824 111.
2093 1764 2264 1848 typis
2297 1769 2553 1829 Romuli
2589 1768 2806 1827 condi·

1301 1871 1496 1941 toris,
1558 1868 1853 1927 Palladis
1903 1875 2022 1929 etc.
2068 1865 2137 1927 in
2184 1868 2365 1930 omni
2414 1868 2685 1930 metallo
2733 1879 2801 1929 et

1307 1966 1540 2031 forma.

1638 2174 1716 2236 V.
1761 2172 1823 2233 c.
1865 2178 2012 2236 m.
2057 2173 2130 2234 P.
2177 2174 2261 2234 x.
2308 2181 2457 2235 161.

1423 2274 1786 2338 CAESAR.
1837 2277 1959 2336 Ta.
2012 2275 2087 2337 P.
2130 2276 2279 2340 XV.
2329 2276 2506 2359 cosa
2550 2277 2677 2339 ιιι.

1576 2456 2043 2522 AVREMVS.
2136 2457 2504 2545 CAESAR.
2594 2459 2794 2524 AVG.

1572 2559 1713 2623 ΡΠ.
1760 2559 1836 2623 F.
1887 2564 2089 2638 caput
2119 2566 2384 2625 nudum.

1291 2660 1430 2720 ΤΒ.
1484 2658 1688 2722 ΡΟΤ.
1735 2663 1876 2728 XV.
1938 2662 2129 2725 COS.
2174 2663 2282 2723 111.
2344 2666 2564 2724 Pietas
2613 2672 2795 2724 stans

1285 2770 1556 2844 utraque
1603 2782 1800 2824 manu
1833 2766 2149 2842 infantem
2197 2775 2434 2839 tenens,
2484 2767 2641 2824 aliis
2671 2767 2794 2825 cir·

1285 2881 1427 2923 eum
1470 2866 1878 2951 aquantibus
1892 2907 1909 2937 ‚
1969 2863 2115 2925 vel:
2161 2850 2421 2925 Aurelii
2454 2884 2792 2944 processus

1224 3039 1241 3056 ‚
1289 2965 1647 3025 consularis
1681 2975 1796 3026 etc.
1834 2963 1901 3024 in
1934 2962 2116 3026 omni
2143 2964 2414 3028 metallo
2445 2978 2513 3055 et
2555 2965 2788 3030 forma.

1787 3187 2266 3276 Eodemjunno.
2374 3168 2378 3171 .

1284 3370 1781 3432 AVGVSTVS.
1857 3372 1980 3431 ΤΒ.
2056 3370 2128 3431 Ρ.
2186 3373 2331 3436 XV.
2418 3371 2596 3435 COS.
2652 3375 2782 3437 ΙΙΙ.

1944 3473 2018 3532 P.
2067 3474 2155 3533 M.

1286 3570 1376 3629 M.
1442 3573 1709 3634 Aurelio
1753 3573 1924 3651 Any.
1967 3574 2096 3634 111.
2169 3576 2244 3638 1..
2292 3575 2456 3637 Vero
2499 3579 2650 3656 Auq
2692 3579 2778 3638 II.

1974 3692 2102 3735 cos.

1410 3823 1738 3887 Antonino
1770 3825 1893 3888 Pio
1915 3825 2183 3889 circiter
2208 3827 2349 3891 Vll.
2368 3830 2586 3893 Martii
2609 3854 2779 3897 mor-

1190 3989 1195 3998 ,
1280 3937 1395 3989 tuo
1443 3925 1794 4010 imperium
1838 3929 2150 4016 suscipit,
2214 3932 2644 3999 Commodum
2695 3958 2777 3999 ex

1280 4026 1627 4112 adoptione
1662 4030 1934 4094 fratrem
1970 4031 2232 4117 imperii
2268 4050 2643 4102 consortem
2684 4040 2776 4103 fa·

1283 4126 1407 4203 cit,
1455 4132 1970 4217 Caesaremque,
2021 4149 2087 4198 et
2130 4136 2497 4220 Augustum
2552 4144 2775 4225 appel-

1286 4229 1408 4307 lat,
1469 4231 1532 4292 ei
1584 4232 1785 4296 filiam
1817 4236 2139 4298 Lucillam
2196 4236 2591 4323 despondet,
2653 4246 2776 4309 sibi

1286 4335 1643 4409 Antonini,
1683 4335 1873 4398 fratri
1900 4357 2086 4398 suum
2125 4341 2274 4402 Vera·
2318 4361 2558 4405 nomen
2589 4347 2775 4411 indit.

1290 4432 1728 4497 Praetorianis
1774 4437 1858 4499 ob
1915 4439 2372 4523 participatum
2424 4445 2774 4531 imperium

1293 4538 1522 4616 ingens
1559 4535 1934 4600 donativum
1972 4540 2252 4624 largitur
2283 4545 2362 4622 ⁸).

2008 497 2106 574 M.
2209 496 2841 622 AVB-ELIVS
2942 500 3679 584 ANTONINVS.

2929 684 3012 749 A.

3213 691 3390 753 IMP.
3459 690 3701 757 CAES.
3765 696 3854 755 M.
3918 691 4219 761 AVREL.
4254 696 4362 757 AN·

3218 791 3628 859 TONINVS.
3674 796 3873 863 AVG.
3926 801 4128 877 Caput
4167 800 4367 858 huma-

3215 901 3382 969 tum,
3443 898 3550 956 vel
3584 901 3857 971 nudum,
3908 902 3982 959 in
4012 900 4152 960 AV.
4187 903 4303 960 ΑΕ.
4327 902 4366 961 1.

3212 999 3409 1056 etiam
3436 999 3798 1072 radiatum,
3844 1004 3916 1060 in
3951 1004 4096 1062 AB.
4130 1003 4213 1064 ΙΙ.

2926 1096 3004 1157 Β.
3211 1098 3388 1157 ῙΜΡ.
3451 1098 3696 1161 CAES.
3755 1105 3845 1163 M.
3901 1103 4215 1164 AVREI..
4265 1103 4375 1162 AN·

3214 1197 3622 1265 TONINVS.
3680 1202 3875 1271 AVG.
3934 1209 4014 1270 P.
4067 1209 4153 1268 M.
4216 1208 4374 1281 Caput

3211 1301 3573 1363 laureatum
3590 1348 3606 1377 ‚
3623 1311 3758 1394 Xvel
3788 1312 4035 1368 nudum
4082 1311 4149 1368 in
4183 1309 4305 1368 ΑΕ.
4330 1307 4371 1373 Ι.

3209 1404 3407 1462 etiam
3448 1409 3773 1468 radiatum
3803 1411 3874 1470 in
3919 1413 4070 1470 AB.
4112 1410 4198 1470 ΙΙ.

3203 1504 3381 1567 ῙΜΡ.
3416 1508 3508 1569 Μ.
3531 1498 3850 1574 AVR'EL.
3885 1505 4376 1573 ANTONINVS.

3208 1605 3406 1670 AVG.
3473 1611 3676 1687 Caput
3714 1614 4113 1688 laureatum,
4172 1614 4236 1671 in
4272 1611 4377 1670 AB.

2920 1702 3005 1766 D.
3214 1708 3303 1766 M.
3322 1707 3643 1775 AVREL.
3662 1712 4131 1779 ANTONINV
4136 1714 4200 1774 S.
4217 1709 4376 1775 AVG.

3210 1809 3412 1889 Caput
3443 1812 3803 1875 laureatum
3822 1860 3839 1893 ‚
3886 1819 3957 1878 in
4004 1818 4148 1879 AR.

3666 1914 3707 1953 e

2926 1490 3030 1563 c?

3080 2012 3164 2071 Vt
3204 2014 3298 2072 lit.
3347 2015 3426 2076 A.
3472 1955 3580 2078 gel
3616 1959 3870 2080 ἰη-Αἱῖ.
3913 2029 3993 2082 ut
4036 2021 4134 2081 lit.
4181 2017 4251 2078 B.

2881 2110 3457 2195 ‚CONCORDQ
3516 2117 3896 2186 AVGVS'r.
3958 2124 4109 2185 TR.
4155 2120 4225 2180 P.
4264 2113 4379 2176 XV.

2915 2210 3106 2276 COS.
3139 2215 3251 2278 111.
3295 2219 3620 2294 Aurelius⁴
3656 2232 3721 2283 et
3767 2226 3968 2286 Verus
4007 2223 4216 2304 toyatt
4237 2227 4380 2277 stae·

2912 2327 3009 2380 tes
3061 2322 3354 2399 Junqtmt
3418 2324 3739 2384 dexteras.
3813 2326 3956 2391 AV.
4016 2326 4158 2386 ΑΕ.
4214 2322 4260 2381 1.
4312 2315 4375 2375 11.

2919 2416 3128 2496 (Mus.
3172 2417 3394 2499 Caes.)

3003 2519 3402 2602 Comprobat
3419 2544 3677 2601 numus,
3709 2523 3886 2610 quod
3906 2548 4108 2611 supra
4146 2521 4376 2591 dictum,

2919 2616 3263 2681 Aurelium
3318 2626 3831 2705 patre“mortuo
3899 2629 4028 2690 sihi
4099 2623 4375 2690 continuo

2913 2720 3196 2783 sociasse
3253 2722 3329 2781 L·
3374 2726 3665 2803 Verum,
3749 2730 4053 2793 omnibns
4134 2718 4377 2808 Augusti

2908 2820 3311 2901 honoribus,
3385 2824 3652 2912 dempto
3717 2832 3861 2893 solo
3905 2828 4235 2915 pontificis
4274 2841 4377 2885 mn·

2843 2958 2850 2967 ·
2910 2924 3068 2987 ximi
3116 2927 3329 3004 titulo,
3377 2929 3590 2992 eidem
3639 2931 3893 3007 delatis,
3943 2936 4070 2997 etsi
4118 2929 4238 2996 soli
4272 2928 4378 2989 Aa·

2908 3026 3078 3088 relio
3140 3042 3290 3111 post
3348 3031 3658 3092 Antonini
3695 3047 4074 3098 'excessum
4140 3043 4369 3096 senatus

2906 3124 3251 3189 detulisset
3301 3129 3676 3214 imperium,
3736 3149 3808 3197 ut
3852 3137 4101 3200 diserte
4149 3132 4374 3216 Capito·

2900 3232 3073 3294 linus
3108 3229 3195 3314 b).
3277 3237 3366 3296 Et
3414 3215 3579 3297 {vidit
3626 3236 3976 3320 imperium
4031 3244 4371 3301 Romanum

2901 3348 3035 3397 tum
3069 3335 3355 3417 primum
3404 3335 3569 3397 duos
3603 3323 3935 3422 Augustos
3980 3351 4251 3426 aequata
4283 3351 4376 3417 po·

2899 3447 3134 3497 testate
3171 3457 3462 3501 summae
3512 3438 3614 3499 rei
3657 3439 4067 3523 praefectos,
4123 3447 4373 3518 cumque

2899 3537 3072 3598 istud
3113 3537 3288 3599 forte
3343 3539 3709 3622 evenisset,
3750 3555 3823 3602 ut
3856 3541 3983 3605 hoc
4014 3562 4187 3606 anno
4222 3550 4375 3599 uter-

2898 3658 3025 3723 que
3061 3638 3291 3702 consul
3325 3653 3524 3715 esset,
3567 3640 3725 3702 hinc
3757 3642 3999 3706 factum
4023 3688 4041 3720 ,
4085 3658 4163 3707 ut
4195 3653 4372 3704 annus

2900 3740 3009 3806 hic
3081 3740 3395 3823 deinceps
3454 3742 3795 3804 consulatu
3850 3749 4124 3808 duorum
4175 3746 4372 3820 Any&-

2891 3854 3131 3913 stnrum
3173 3842 3241 3901 in
3301 3843 3482 3904 fastis
3517 3856 3878 3908 notaretur.
3938 3844 4370 3910 concordiam,

2893 3967 3087 4031 quam
3134 3946 3316 4007 numi
3363 3966 3592 4007 aversa
3631 3946 4002 4030 praedicat,
4063 3938 4369 4032 principio

2896 4048 3070 4111 inter
3108 4060 3462 4134 utrumque
3512 4047 3921 4126 constitisse,
3976 4059 4366 4134 nequaquam

2889 4148 3168 4229 mirum3
3215 4163 3279 4211 at
3325 4149 3502 4234 quod
3537 4167 3613 4211 ea
3663 4169 3873 4234 nsque
3929 4149 4011 4212 ad
4038 4149 4205 4219 Veri
4249 4140 4370 4207 obi·

2892 4266 3031 4315 tum
3071 4249 3232 4335 ipsis
3276 4272 3514 4314 novem
3567 4250 3750 4313 annis
3800 4251 3868 4312 in
3913 4263 4090 4314 tanta
4117 4259 4358 4314 morum

2893 4353 3326 4439 discrepantia
3355 4353 3701 4419 incolumis
3726 4366 3920 4437 atque
3966 4356 4221 4442 integra
4252 4362 4365 4414 ste-

2889 4456 3006 4532 tit,
3053 4454 3230 4519 istud
3273 4455 3453 4518 orbis
3492 4456 3750 4519 Aurelii
3791 4457 4092 4522 excelsae
4152 4449 4360 4523 indoli,

2890 4571 2958 4620 et
2989 4558 3238 4621 haustis
3284 4579 3367 4622 ex
3413 4558 3825 4642 philosophis
3867 4561 4234 4645 praeceptis
4272 4570 4360 4617 sc·

1282 4676 4345 4721 ---—-——-———--—------.----.......-....--

1402 4766 1460 4834 a)
1505 4760 1826 4838 Capitolia.
1970 4764 2042 4838 b)
2083 4765 2143 4822 in
2172 4766 2351 4865 Vero.
