<?xml version="1.0" encoding="UTF-8"?>
<!DOCTYPE html PUBLIC "-//W3C//DTD XHTML 1.0 Transitional//EN"
    "http://www.w3.org/TR/xhtml1/DTD/xhtml1-transitional.dtd">
<html xmlns="http://www.w3.org/1999/xhtml" xml:lang="en" lang="en">
 <head>
  <title>
</title>
<meta http-equiv="Content-Type" content="text/html;charset=utf-8" />
  <meta name='ocr-system' content='tesseract 3.04.00' />
  <meta name='ocr-capabilities' content='ocr_page ocr_carea ocr_par ocr_line ocrx_word'/>
</head>
<body>
  <div class='ocr_page' id='page_1' title='image "./doctrinanumorum05hohlgoog_0371.png"; bbox 0 0 4652 5937; ppageno 0'>
   <div class='ocr_carea' id='block_1_1' title="bbox 1519 384 3454 549">
    <p class='ocr_par' dir='ltr' id='par_1_1' title="bbox 1519 384 3454 549">
     <span class='ocr_line' id='line_1_1' title="bbox 1519 384 3454 549; baseline 0.006 -59"><span class='ocrx_word' id='word_1_1' title='bbox 1519 384 2422 500; x_wconf 50' lang='lat' dir='ltr'><strong>HOS‘TILI&#39;ANVS(</strong></span> <span class='ocrx_word' id='word_1_2' title='bbox 3123 437 3216 549; x_wconf 68' lang='lat'><strong>⁶,</strong></span> <span class='ocrx_word' id='word_1_3' title='bbox 3316 439 3454 503; x_wconf 63' lang='grc' dir='ltr'><strong>εει</strong></span> 
     </span>
    </p>
   </div>
   <div class='ocr_carea' id='block_1_2' title="bbox 304 585 1877 3798">
    <p class='ocr_par' dir='ltr' id='par_1_2' title="bbox 334 585 1875 1287">
     <span class='ocr_line' id='line_1_2' title="bbox 378 585 1863 664; baseline 0.001 -4"><span class='ocrx_word' id='word_1_4' title='bbox 378 597 923 660; x_wconf 80' lang='lat' dir='ltr'><strong>CONCORDIA.</strong></span> <span class='ocrx_word' id='word_1_5' title='bbox 1004 596 1253 662; x_wconf 72' lang='lat' dir='ltr'><strong>AVGG.</strong></span> <span class='ocrx_word' id='word_1_6' title='bbox 1345 585 1450 661; x_wconf 51' lang='lat'><strong>401</strong></span> <span class='ocrx_word' id='word_1_7' title='bbox 1521 601 1863 664; x_wconf 70' lang='lat' dir='ltr'><strong>PIETAS.</strong></span> 
     </span>
     <span class='ocr_line' id='line_1_3' title="bbox 373 700 1870 784; baseline 0.003 -23"><span class='ocrx_word' id='word_1_8' title='bbox 373 700 1026 773; x_wconf 76' lang='lat' dir='ltr'><strong>AVGVSTORVM,</strong></span> <span class='ocrx_word' id='word_1_9' title='bbox 1074 702 1139 762; x_wconf 87' lang='lat' dir='ltr'><strong>in</strong></span> <span class='ocrx_word' id='word_1_10' title='bbox 1195 701 1431 784; x_wconf 88' lang='lat' dir='ltr'><strong>quibus</strong></span> <span class='ocrx_word' id='word_1_11' title='bbox 1466 717 1730 784; x_wconf 80' lang='lat' dir='ltr'><strong>praeter</strong></span> <span class='ocrx_word' id='word_1_12' title='bbox 1767 724 1870 766; x_wconf 86' lang='lat' dir='ltr'><strong>ca·</strong></span> 
     </span>
     <span class='ocr_line' id='line_1_4' title="bbox 376 799 1870 883; baseline 0.003 -20"><span class='ocrx_word' id='word_1_13' title='bbox 376 799 515 883; x_wconf 70' lang='lat' dir='ltr'><strong>pita</strong></span> <span class='ocrx_word' id='word_1_14' title='bbox 548 802 774 876; x_wconf 84' lang='lat' dir='ltr'>Decii,</span> <span class='ocrx_word' id='word_1_15' title='bbox 819 801 1255 872; x_wconf 79' lang='lat' dir='ltr'><strong>Etruscillae,</strong></span> <span class='ocrx_word' id='word_1_16' title='bbox 1302 816 1367 862; x_wconf 84' lang='lat' dir='ltr'><strong>et</strong></span> <span class='ocrx_word' id='word_1_17' title='bbox 1400 801 1722 864; x_wconf 81' lang='lat' dir='ltr'><strong>Herennii</strong></span> <span class='ocrx_word' id='word_1_18' title='bbox 1763 824 1870 868; x_wconf 84' lang='lat' dir='ltr'><strong>oc·</strong></span> 
     </span>
     <span class='ocr_line' id='line_1_5' title="bbox 379 901 1870 965; baseline 0.001 -2"><span class='ocrx_word' id='word_1_19' title='bbox 379 902 589 963; x_wconf 88' lang='lat' dir='ltr'><strong>currit</strong></span> <span class='ocrx_word' id='word_1_20' title='bbox 621 901 799 963; x_wconf 88' lang='lat' dir='ltr'><strong>aliud</strong></span> <span class='ocrx_word' id='word_1_21' title='bbox 833 925 977 965; x_wconf 87' lang='lat' dir='ltr'><strong>cum</strong></span> <span class='ocrx_word' id='word_1_22' title='bbox 998 902 1333 962; x_wconf 88' lang='lat' dir='ltr'><strong>Herennio</strong></span> <span class='ocrx_word' id='word_1_23' title='bbox 1365 904 1702 964; x_wconf 87' lang='lat' dir='ltr'><strong>sociatum.</strong></span> <span class='ocrx_word' id='word_1_24' title='bbox 1750 906 1870 964; x_wconf 88' lang='lat' dir='ltr'><strong>Es·</strong></span> 
     </span>
     <span class='ocr_line' id='line_1_6' title="bbox 380 1002 1873 1086; baseline 0.001 -22"><span class='ocrx_word' id='word_1_25' title='bbox 380 1021 457 1064; x_wconf 85' lang='lat' dir='ltr'><strong>se</strong></span> <span class='ocrx_word' id='word_1_26' title='bbox 504 1004 672 1063; x_wconf 86' lang='lat' dir='ltr'><strong>illud</strong></span> <span class='ocrx_word' id='word_1_27' title='bbox 716 1002 890 1080; x_wconf 87' lang='lat' dir='ltr'><strong>ejus,</strong></span> <span class='ocrx_word' id='word_1_28' title='bbox 938 1023 1133 1086; x_wconf 90' lang='lat' dir='ltr'><strong>quem</strong></span> <span class='ocrx_word' id='word_1_29' title='bbox 1188 1003 1369 1063; x_wconf 85' lang='lat' dir='ltr'><strong>numi</strong></span> <span class='ocrx_word' id='word_1_30' title='bbox 1415 1003 1590 1071; x_wconf 76' lang='lat' dir='ltr'><strong>obvii</strong></span> <span class='ocrx_word' id='word_1_31' title='bbox 1639 1007 1704 1065; x_wconf 90' lang='lat' dir='ltr'><strong>C.</strong></span> <span class='ocrx_word' id='word_1_32' title='bbox 1748 1009 1873 1066; x_wconf 80' lang='lat' dir='ltr'><strong>Va-</strong></span> 
     </span>
     <span class='ocr_line' id='line_1_7' title="bbox 338 1105 1875 1187; baseline 0.001 -23"><span class='ocrx_word' id='word_1_33' title='bbox 338 1134 341 1139; x_wconf 95' lang='lat'>·</span> <span class='ocrx_word' id='word_1_34' title='bbox 381 1105 615 1165; x_wconf 81' lang='lat' dir='ltr'><strong>lentem</strong></span> <span class='ocrx_word' id='word_1_35' title='bbox 643 1107 1081 1165; x_wconf 71' lang='lat' dir='ltr'><strong>Hostilianum</strong></span> <span class='ocrx_word' id='word_1_36' title='bbox 1111 1107 1412 1165; x_wconf 78' lang='lat' dir='ltr'><strong>Messium</strong></span> <span class='ocrx_word' id='word_1_37' title='bbox 1434 1108 1735 1180; x_wconf 74' lang='lat' dir='ltr'><strong>Quintum</strong></span> <span class='ocrx_word' id='word_1_38' title='bbox 1764 1126 1875 1187; x_wconf 84' lang='lat' dir='ltr'><strong>ap·</strong></span> 
     </span>
     <span class='ocr_line' id='line_1_8' title="bbox 334 1203 1874 1287; baseline 0.003 -23"><span class='ocrx_word' id='word_1_39' title='bbox 334 1233 341 1239; x_wconf 92' lang='lat'><strong>·</strong></span> <span class='ocrx_word' id='word_1_40' title='bbox 382 1203 667 1285; x_wconf 81' lang='lat' dir='ltr'><strong>pellant,</strong></span> <span class='ocrx_word' id='word_1_41' title='bbox 710 1204 886 1264; x_wconf 81' lang='lat' dir='ltr'><strong>inter</strong></span> <span class='ocrx_word' id='word_1_42' title='bbox 920 1204 1315 1287; x_wconf 70' lang='lat' dir='ltr'>antiquarios</span> <span class='ocrx_word' id='word_1_43' title='bbox 1360 1226 1586 1266; x_wconf 89' lang='lat' dir='ltr'><strong>omnes</strong></span> <span class='ocrx_word' id='word_1_44' title='bbox 1637 1226 1874 1268; x_wconf 73' lang='lat' dir='ltr'><strong>eonve-</strong></span> 
     </span>
    </p>

    <p class='ocr_par' dir='ltr' id='par_1_3' title="bbox 304 1305 1877 3798">
     <span class='ocr_line' id='line_1_9' title="bbox 378 1305 1871 1368; baseline 0.003 -4"><span class='ocrx_word' id='word_1_45' title='bbox 378 1305 499 1365; x_wconf 87' lang='lat' dir='ltr'><strong>nit.</strong></span> <span class='ocrx_word' id='word_1_46' title='bbox 545 1307 708 1365; x_wconf 91' lang='lat' dir='ltr'><strong>Nam</strong></span> <span class='ocrx_word' id='word_1_47' title='bbox 743 1307 1151 1367; x_wconf 82' lang='lat' dir='ltr'><strong>Herennium</strong></span> <span class='ocrx_word' id='word_1_48' title='bbox 1172 1326 1315 1368; x_wconf 89' lang='lat' dir='ltr'><strong>cum</strong></span> <span class='ocrx_word' id='word_1_49' title='bbox 1335 1306 1708 1368; x_wconf 88' lang='lat' dir='ltr'><strong>Hostiliano</strong></span> <span class='ocrx_word' id='word_1_50' title='bbox 1737 1326 1871 1368; x_wconf 89' lang='lat' dir='ltr'><strong>non</strong></span> 
     </span>
     <span class='ocr_line' id='line_1_10' title="bbox 304 1390 1867 1490; baseline -0.001 -21"><span class='ocrx_word' id='word_1_51' title='bbox 304 1390 311 1396; x_wconf 47' lang='grc'><em>’</em></span> <span class='ocrx_word' id='word_1_52' title='bbox 383 1405 585 1469; x_wconf 86' lang='lat' dir='ltr'><strong>modo</strong></span> <span class='ocrx_word' id='word_1_53' title='bbox 623 1407 950 1488; x_wconf 78' lang='lat' dir='ltr'><strong>expressis</strong></span> <span class='ocrx_word' id='word_1_54' title='bbox 985 1407 1201 1469; x_wconf 81' lang='lat' dir='ltr'><strong>verbis</strong></span> <span class='ocrx_word' id='word_1_55' title='bbox 1229 1400 1581 1490; x_wconf 70' lang='lat' dir='ltr'><strong>&#39;conjungit</strong></span> <span class='ocrx_word' id='word_1_56' title='bbox 1610 1428 1867 1481; x_wconf 86' lang='lat' dir='ltr'><strong>numus,</strong></span> 
     </span>
     <span class='ocr_line' id='line_1_11' title="bbox 384 1507 1870 1591; baseline 0.001 -24"><span class='ocrx_word' id='word_1_57' title='bbox 384 1525 584 1591; x_wconf 84' lang='lat' dir='ltr'><strong>quem</strong></span> <span class='ocrx_word' id='word_1_58' title='bbox 650 1507 1081 1589; x_wconf 75' lang='lat' dir='ltr'>spanhemius</span> <span class='ocrx_word' id='word_1_59' title='bbox 1137 1527 1220 1569; x_wconf 81' lang='lat' dir='ltr'><strong>ex</strong></span> <span class='ocrx_word' id='word_1_60' title='bbox 1293 1528 1453 1590; x_wconf 84' lang='lat' dir='ltr'><strong>gaza</strong></span> <span class='ocrx_word' id='word_1_61' title='bbox 1508 1507 1870 1569; x_wconf 84' lang='lat' dir='ltr'><strong>Barberina</strong></span> 
     </span>
     <span class='ocr_line' id='line_1_12' title="bbox 382 1608 1871 1703; baseline 0.001 -34"><span class='ocrx_word' id='word_1_62' title='bbox 382 1608 643 1691; x_wconf 81' lang='lat' dir='ltr'><strong>prodit,</strong></span> <span class='ocrx_word' id='word_1_63' title='bbox 690 1609 1077 1691; x_wconf 85' lang='lat' dir='ltr'><strong>inscriptus:</strong></span> <span class='ocrx_word' id='word_1_64' title='bbox 1124 1610 1205 1703; x_wconf 92' lang='lat' dir='ltr'><strong>Q.</strong></span> <span class='ocrx_word' id='word_1_65' title='bbox 1246 1612 1447 1670; x_wconf 77' lang='grc' dir='ltr'><strong>ΗΕΒ.</strong></span> <span class='ocrx_word' id='word_1_66' title='bbox 1483 1611 1684 1670; x_wconf 85' lang='lat' dir='ltr'><strong>E&#39;l&#39;R.</strong></span> <span class='ocrx_word' id='word_1_67' title='bbox 1718 1611 1871 1670; x_wconf 90' lang='lat' dir='ltr'><strong>DE-</strong></span> 
     </span>
     <span class='ocr_line' id='line_1_13' title="bbox 385 1709 1869 1789; baseline -0.001 -18"><span class='ocrx_word' id='word_1_68' title='bbox 385 1709 602 1776; x_wconf 77' lang='lat' dir='ltr'><strong>CIVS.</strong></span> <span class='ocrx_word' id='word_1_69' title='bbox 647 1711 719 1771; x_wconf 91' lang='lat' dir='ltr'><strong>C.</strong></span> <span class='ocrx_word' id='word_1_70' title='bbox 752 1711 948 1774; x_wconf 85' lang='lat' dir='ltr'><strong>VAL.</strong></span> <span class='ocrx_word' id='word_1_71' title='bbox 978 1711 1572 1778; x_wconf 81' lang='lat' dir='ltr'><strong>HOSTILIANVS</strong></span> <span class='ocrx_word' id='word_1_72' title='bbox 1608 1713 1704 1789; x_wconf 81' lang='lat'><strong>⁸¹),</strong></span> <span class='ocrx_word' id='word_1_73' title='bbox 1751 1709 1869 1771; x_wconf 84' lang='lat' dir='ltr'><strong>sed</strong></span> 
     </span>
     <span class='ocr_line' id='line_1_14' title="bbox 381 1810 1872 1893; baseline -0.001 -22"><span class='ocrx_word' id='word_1_74' title='bbox 381 1822 453 1871; x_wconf 87' lang='lat' dir='ltr'><strong>et</strong></span> <span class='ocrx_word' id='word_1_75' title='bbox 494 1830 812 1886; x_wconf 87' lang='lat' dir='ltr'><strong>marmor,</strong></span> <span class='ocrx_word' id='word_1_76' title='bbox 879 1810 1056 1893; x_wconf 86' lang='lat' dir='ltr'><strong>quod</strong></span> <span class='ocrx_word' id='word_1_77' title='bbox 1123 1830 1204 1871; x_wconf 81' lang='lat' dir='ltr'><strong>ex</strong></span> <span class='ocrx_word' id='word_1_78' title='bbox 1266 1810 1468 1871; x_wconf 89' lang='lat' dir='ltr'><strong>Gorio</strong></span> <span class='ocrx_word' id='word_1_79' title='bbox 1530 1810 1685 1871; x_wconf 85' lang='lat' dir='ltr'><strong>citat</strong></span> <span class='ocrx_word' id='word_1_80' title='bbox 1728 1814 1872 1869; x_wconf 85' lang='lat' dir='ltr'><strong>Mu·</strong></span> 
     </span>
     <span class='ocr_line' id='line_1_15' title="bbox 381 1910 1874 1991; baseline 0 -21"><span class='ocrx_word' id='word_1_81' title='bbox 381 1911 668 1972; x_wconf 81' lang='lat' dir='ltr'><strong>ratorius</strong></span> <span class='ocrx_word' id='word_1_82' title='bbox 698 1910 783 1991; x_wconf 81' lang='lat' dir='ltr'><strong>b).</strong></span> <span class='ocrx_word' id='word_1_83' title='bbox 844 1916 928 1974; x_wconf 82' lang='lat' dir='ltr'><strong>At</strong></span> <span class='ocrx_word' id='word_1_84' title='bbox 964 1912 1135 1975; x_wconf 86' lang='lat' dir='ltr'><strong>enim</strong></span> <span class='ocrx_word' id='word_1_85' title='bbox 1173 1921 1354 1974; x_wconf 79' lang='lat' dir='ltr'><strong>vetus</strong></span> <span class='ocrx_word' id='word_1_86' title='bbox 1391 1923 1490 1971; x_wconf 86' lang='lat' dir='ltr'><strong>est</strong></span> <span class='ocrx_word' id='word_1_87' title='bbox 1518 1910 1692 1971; x_wconf 91' lang='lat' dir='ltr'><strong>inter</strong></span> <span class='ocrx_word' id='word_1_88' title='bbox 1727 1930 1874 1971; x_wconf 89' lang='lat' dir='ltr'><strong>eru-</strong></span> 
     </span>
     <span class='ocr_line' id='line_1_16' title="bbox 383 2009 1873 2087; baseline -0.001 -15"><span class='ocrx_word' id='word_1_89' title='bbox 383 2011 557 2073; x_wconf 80' lang='lat' dir='ltr'><strong>ditos</strong></span> <span class='ocrx_word' id='word_1_90' title='bbox 606 2012 726 2087; x_wconf 87' lang='lat' dir='ltr'><strong>lis,</strong></span> <span class='ocrx_word' id='word_1_91' title='bbox 789 2014 934 2075; x_wconf 83' lang='lat' dir='ltr'><strong>aliis</strong></span> <span class='ocrx_word' id='word_1_92' title='bbox 988 2015 1159 2075; x_wconf 84' lang='lat' dir='ltr'><strong>hunc</strong></span> <span class='ocrx_word' id='word_1_93' title='bbox 1205 2010 1643 2073; x_wconf 87' lang='lat' dir='ltr'><strong>Hostiliauum</strong></span> <span class='ocrx_word' id='word_1_94' title='bbox 1679 2009 1873 2072; x_wconf 82' lang='lat' dir='ltr'><strong>Decii</strong></span> 
     </span>
     <span class='ocr_line' id='line_1_17' title="bbox 376 2109 1870 2193; baseline -0.004 -19"><span class='ocrx_word' id='word_1_95' title='bbox 376 2116 617 2193; x_wconf 78' lang='lat' dir='ltr'><strong>filium,</strong></span> <span class='ocrx_word' id='word_1_96' title='bbox 663 2114 808 2174; x_wconf 89' lang='lat' dir='ltr'><strong>aliis</strong></span> <span class='ocrx_word' id='word_1_97' title='bbox 846 2135 1146 2193; x_wconf 73' lang='lat' dir='ltr'><strong>qenerum</strong></span> <span class='ocrx_word' id='word_1_98' title='bbox 1191 2111 1382 2174; x_wconf 84' lang='lat' dir='ltr'><strong>enixe</strong></span> <span class='ocrx_word' id='word_1_99' title='bbox 1417 2109 1870 2172; x_wconf 76' lang='lat' dir='ltr'><strong>statuentibus.</strong></span> 
     </span>
     <span class='ocr_line' id='line_1_18' title="bbox 386 2209 1866 2307; baseline -0.002 -35"><span class='ocrx_word' id='word_1_100' title='bbox 386 2211 518 2307; x_wconf 79' lang='lat' dir='ltr'><strong>Qui</strong></span> <span class='ocrx_word' id='word_1_101' title='bbox 549 2212 757 2273; x_wconf 88' lang='lat' dir='ltr'><strong>filium</strong></span> <span class='ocrx_word' id='word_1_102' title='bbox 775 2215 1036 2289; x_wconf 79' lang='lat' dir='ltr'><strong>volunt,</strong></span> <span class='ocrx_word' id='word_1_103' title='bbox 1086 2234 1366 2298; x_wconf 88' lang='lat' dir='ltr'><strong>quorum</strong></span> <span class='ocrx_word' id='word_1_104' title='bbox 1397 2231 1523 2294; x_wconf 83' lang='lat' dir='ltr'><strong>ego</strong></span> <span class='ocrx_word' id='word_1_105' title='bbox 1552 2209 1866 2294; x_wconf 80' lang='lat' dir='ltr'><strong>judicium</strong></span> 
     </span>
     <span class='ocr_line' id='line_1_19' title="bbox 381 2311 1867 2397; baseline -0.003 -23"><span class='ocrx_word' id='word_1_106' title='bbox 381 2312 620 2374; x_wconf 81' lang='lat' dir='ltr'><strong>lubens</strong></span> <span class='ocrx_word' id='word_1_107' title='bbox 668 2313 1074 2397; x_wconf 88' lang='lat' dir='ltr'><strong>amplector,</strong></span> <span class='ocrx_word' id='word_1_108' title='bbox 1136 2318 1430 2378; x_wconf 87' lang='lat' dir='ltr'><strong>nituntur</strong></span> <span class='ocrx_word' id='word_1_109' title='bbox 1479 2311 1867 2376; x_wconf 85' lang='lat' dir='ltr'><strong>auctoritate</strong></span> 
     </span>
     <span class='ocr_line' id='line_1_20' title="bbox 384 2412 1877 2499; baseline -0.004 -22"><span class='ocrx_word' id='word_1_110' title='bbox 384 2414 670 2489; x_wconf 85' lang='lat' dir='ltr'><strong>Zosimi,</strong></span> <span class='ocrx_word' id='word_1_111' title='bbox 717 2417 828 2499; x_wconf 85' lang='lat' dir='ltr'><strong>qui</strong></span> <span class='ocrx_word' id='word_1_112' title='bbox 854 2416 1095 2478; x_wconf 79' lang='lat' dir='ltr'><strong>diserte</strong></span> <span class='ocrx_word' id='word_1_113' title='bbox 1125 2418 1402 2479; x_wconf 87' lang='lat' dir='ltr'><strong>alterum</strong></span> <span class='ocrx_word' id='word_1_114' title='bbox 1437 2414 1628 2476; x_wconf 82' lang='lat' dir='ltr'><strong>Decii</strong></span> <span class='ocrx_word' id='word_1_115' title='bbox 1660 2412 1877 2473; x_wconf 73' lang='lat' dir='ltr'><strong>filium·</strong></span> 
     </span>
     <span class='ocr_line' id='line_1_21' title="bbox 386 2508 1869 2599; baseline -0.003 -22"><span class='ocrx_word' id='word_1_116' title='bbox 386 2531 745 2591; x_wconf 84' lang='lat' dir='ltr'><strong>memorat,</strong></span> <span class='ocrx_word' id='word_1_117' title='bbox 804 2520 927 2579; x_wconf 84' lang='lat' dir='ltr'><strong>etsi</strong></span> <span class='ocrx_word' id='word_1_118' title='bbox 972 2518 1114 2599; x_wconf 83' lang='lat' dir='ltr'><strong>ejus</strong></span> <span class='ocrx_word' id='word_1_119' title='bbox 1155 2539 1393 2580; x_wconf 88' lang='lat' dir='ltr'><strong>nomen</strong></span> <span class='ocrx_word' id='word_1_120' title='bbox 1455 2508 1586 2577; x_wconf 82' lang='lat' dir='ltr'><strong>non</strong></span> <span class='ocrx_word' id='word_1_121' title='bbox 1628 2512 1869 2597; x_wconf 83' lang='lat' dir='ltr'><strong>prodit,</strong></span> 
     </span>
     <span class='ocr_line' id='line_1_22' title="bbox 384 2602 1870 2702; baseline -0.003 -25"><span class='ocrx_word' id='word_1_122' title='bbox 384 2637 581 2700; x_wconf 85' lang='lat' dir='ltr'><strong>quem</strong></span> <span class='ocrx_word' id='word_1_123' title='bbox 625 2633 774 2700; x_wconf 81' lang='lat' dir='ltr'><strong>post</strong></span> <span class='ocrx_word' id='word_1_124' title='bbox 834 2620 1074 2702; x_wconf 87' lang='lat' dir='ltr'><strong>patris,</strong></span> <span class='ocrx_word' id='word_1_125' title='bbox 1138 2602 1488 2701; x_wconf 78' lang='lat' dir='ltr'><strong>fratrisque</strong></span> <span class='ocrx_word' id='word_1_126' title='bbox 1550 2614 1870 2676; x_wconf 86' lang='lat' dir='ltr'><strong>Herennii</strong></span> 
     </span>
     <span class='ocr_line' id='line_1_23' title="bbox 386 2716 1869 2801; baseline -0.004 -21"><span class='ocrx_word' id='word_1_127' title='bbox 386 2720 697 2780; x_wconf 85' lang='lat' dir='ltr'><strong>miserum</strong></span> <span class='ocrx_word' id='word_1_128' title='bbox 758 2718 963 2782; x_wconf 88' lang='lat' dir='ltr'><strong>fatum</strong></span> <span class='ocrx_word' id='word_1_129' title='bbox 1024 2720 1148 2780; x_wconf 91' lang='lat' dir='ltr'><strong>sibi</strong></span> <span class='ocrx_word' id='word_1_130' title='bbox 1211 2718 1552 2801; x_wconf 84' lang='lat' dir='ltr'><strong>conlegam</strong></span> <span class='ocrx_word' id='word_1_131' title='bbox 1598 2716 1869 2777; x_wconf 80' lang='lat' dir='ltr'><strong>sociavit</strong></span> 
     </span>
     <span class='ocr_line' id='line_1_24' title="bbox 386 2814 1867 2904; baseline -0.003 -25"><span class='ocrx_word' id='word_1_132' title='bbox 386 2820 841 2882; x_wconf 75' lang='lat' dir='ltr'><strong>&#39;I&#39;rebouianus</strong></span> <span class='ocrx_word' id='word_1_133' title='bbox 906 2823 988 2901; x_wconf 81' lang='lat'><strong>0).</strong></span> <span class='ocrx_word' id='word_1_134' title='bbox 1076 2824 1288 2904; x_wconf 82' lang='lat' dir='ltr'><strong>Atque</strong></span> <span class='ocrx_word' id='word_1_135' title='bbox 1343 2819 1537 2880; x_wconf 89' lang='lat' dir='ltr'><strong>etiam</strong></span> <span class='ocrx_word' id='word_1_136' title='bbox 1600 2837 1741 2878; x_wconf 89' lang='lat' dir='ltr'><strong>mos</strong></span> <span class='ocrx_word' id='word_1_137' title='bbox 1802 2814 1867 2875; x_wconf 90' lang='lat' dir='ltr'><strong>in</strong></span> 
     </span>
     <span class='ocr_line' id='line_1_25' title="bbox 386 2914 1867 3007; baseline -0.003 -25"><span class='ocrx_word' id='word_1_138' title='bbox 386 2919 550 2983; x_wconf 90' lang='lat' dir='ltr'><strong>haec</strong></span> <span class='ocrx_word' id='word_1_139' title='bbox 602 2942 808 3007; x_wconf 87' lang='lat' dir='ltr'><strong>usque</strong></span> <span class='ocrx_word' id='word_1_140' title='bbox 858 2937 1154 3006; x_wconf 87' lang='lat' dir='ltr'><strong>tempora</strong></span> <span class='ocrx_word' id='word_1_141' title='bbox 1202 2933 1526 2994; x_wconf 83' lang='lat' dir='ltr'><strong>servatus,</strong></span> <span class='ocrx_word' id='word_1_142' title='bbox 1579 2938 1709 3002; x_wconf 88' lang='lat' dir='ltr'><strong>quo</strong></span> <span class='ocrx_word' id='word_1_143' title='bbox 1745 2914 1867 2978; x_wconf 85' lang='lat' dir='ltr'><strong>filii</strong></span> 
     </span>
     <span class='ocr_line' id='line_1_26' title="bbox 387 3022 1867 3106; baseline -0.005 -21"><span class='ocrx_word' id='word_1_144' title='bbox 387 3025 648 3085; x_wconf 84' lang='lat' dir='ltr'><strong>censeri</strong></span> <span class='ocrx_word' id='word_1_145' title='bbox 679 3025 930 3098; x_wconf 75' lang='lat' dir='ltr'><strong>solent,</strong></span> <span class='ocrx_word' id='word_1_146' title='bbox 977 3024 1088 3106; x_wconf 89' lang='lat' dir='ltr'><strong>qui</strong></span> <span class='ocrx_word' id='word_1_147' title='bbox 1115 3022 1292 3104; x_wconf 84' lang='lat' dir='ltr'><strong>juxta</strong></span> <span class='ocrx_word' id='word_1_148' title='bbox 1322 3022 1720 3101; x_wconf 81' lang='lat' dir='ltr'><strong>imperantes</strong></span> <span class='ocrx_word' id='word_1_149' title='bbox 1757 3040 1867 3099; x_wconf 82' lang='lat' dir='ltr'><strong>ap·</strong></span> 
     </span>
     <span class='ocr_line' id='line_1_27' title="bbox 387 3119 1867 3208; baseline -0.005 -23"><span class='ocrx_word' id='word_1_150' title='bbox 387 3124 742 3208; x_wconf 86' lang='lat' dir='ltr'><strong>pellatione</strong></span> <span class='ocrx_word' id='word_1_151' title='bbox 800 3138 867 3185; x_wconf 86' lang='lat' dir='ltr'><strong>et</strong></span> <span class='ocrx_word' id='word_1_152' title='bbox 909 3126 1091 3187; x_wconf 87' lang='lat' dir='ltr'><strong>cultu</strong></span> <span class='ocrx_word' id='word_1_153' title='bbox 1135 3125 1485 3185; x_wconf 83' lang='lat' dir='ltr'><strong>Caesarum</strong></span> <span class='ocrx_word' id='word_1_154' title='bbox 1544 3122 1609 3180; x_wconf 93' lang='lat' dir='ltr'><strong>in</strong></span> <span class='ocrx_word' id='word_1_155' title='bbox 1654 3119 1867 3180; x_wconf 88' lang='lat' dir='ltr'><strong>numis</strong></span> 
     </span>
     <span class='ocr_line' id='line_1_28' title="bbox 390 3217 1867 3308; baseline -0.005 -24"><span class='ocrx_word' id='word_1_156' title='bbox 390 3237 884 3308; x_wconf 85' lang='lat' dir='ltr'><strong>proponuntur,</strong></span> <span class='ocrx_word' id='word_1_157' title='bbox 960 3223 1087 3282; x_wconf 88' lang='lat' dir='ltr'><strong>nisi</strong></span> <span class='ocrx_word' id='word_1_158' title='bbox 1167 3237 1344 3282; x_wconf 87' lang='lat' dir='ltr'><strong>certa</strong></span> <span class='ocrx_word' id='word_1_159' title='bbox 1413 3222 1629 3301; x_wconf 85' lang='lat' dir='ltr'><strong>aliqua</strong></span> <span class='ocrx_word' id='word_1_160' title='bbox 1701 3217 1867 3277; x_wconf 87' lang='lat' dir='ltr'><strong>ratio</strong></span> 
     </span>
     <span class='ocr_line' id='line_1_29' title="bbox 390 3316 1870 3405; baseline -0.004 -22"><span class='ocrx_word' id='word_1_161' title='bbox 390 3323 565 3390; x_wconf 79' lang='lat' dir='ltr'><strong>aliud</strong></span> <span class='ocrx_word' id='word_1_162' title='bbox 588 3323 908 3405; x_wconf 84' lang='lat' dir='ltr'><strong>postulet,</strong></span> <span class='ocrx_word' id='word_1_163' title='bbox 955 3321 1209 3403; x_wconf 85' lang='lat' dir='ltr'><strong>qualem</strong></span> <span class='ocrx_word' id='word_1_164' title='bbox 1226 3317 1529 3401; x_wconf 81' lang='lat' dir='ltr'><strong>profecto</strong></span> <span class='ocrx_word' id='word_1_165' title='bbox 1560 3316 1870 3380; x_wconf 85' lang='lat' dir='ltr'><strong>adversae</strong></span> 
     </span>
     <span class='ocr_line' id='line_1_30' title="bbox 386 3416 1871 3505; baseline -0.008 -19"><span class='ocrx_word' id='word_1_166' title='bbox 386 3424 751 3486; x_wconf 80' lang='lat' dir='ltr'><strong>sententiae</strong></span> <span class='ocrx_word' id='word_1_167' title='bbox 796 3423 1052 3505; x_wconf 81' lang='lat' dir='ltr'><strong>patroni</strong></span> <span class='ocrx_word' id='word_1_168' title='bbox 1094 3421 1380 3482; x_wconf 86' lang='lat' dir='ltr'><strong>noudum</strong></span> <span class='ocrx_word' id='word_1_169' title='bbox 1430 3418 1749 3490; x_wconf 81' lang='lat' dir='ltr'><strong>attulere,</strong></span> <span class='ocrx_word' id='word_1_170' title='bbox 1795 3416 1871 3491; x_wconf 85' lang='lat' dir='ltr'><strong>is,</strong></span> 
     </span>
     <span class='ocr_line' id='line_1_31' title="bbox 390 3518 1870 3608; baseline -0.004 -23"><span class='ocrx_word' id='word_1_171' title='bbox 390 3526 688 3608; x_wconf 85' lang='lat' dir='ltr'><strong>inquam,</strong></span> <span class='ocrx_word' id='word_1_172' title='bbox 750 3544 891 3584; x_wconf 86' lang='lat' dir='ltr'><strong>mos</strong></span> <span class='ocrx_word' id='word_1_173' title='bbox 956 3521 1128 3582; x_wconf 85' lang='lat' dir='ltr'><strong>haud</strong></span> <span class='ocrx_word' id='word_1_174' title='bbox 1186 3540 1387 3603; x_wconf 85' lang='lat' dir='ltr'><strong>aegre</strong></span> <span class='ocrx_word' id='word_1_175' title='bbox 1430 3518 1870 3602; x_wconf 82' lang='lat' dir='ltr'><strong>persuadebit,</strong></span> 
     </span>
     <span class='ocr_line' id='line_1_32' title="bbox 392 3619 1876 3704; baseline -0.005 -16"><span class='ocrx_word' id='word_1_176' title='bbox 392 3626 594 3690; x_wconf 72' lang='lat' dir='ltr'><strong>fuisse</strong></span> <span class='ocrx_word' id='word_1_177' title='bbox 640 3623 1301 3703; x_wconf 42' lang='lat' dir='ltr'><strong>Hostilianum‘Decii</strong></span> <span class='ocrx_word' id='word_1_178' title='bbox 1342 3621 1591 3695; x_wconf 82' lang='lat' dir='ltr'><strong>filium,</strong></span> <span class='ocrx_word' id='word_1_179' title='bbox 1635 3621 1747 3704; x_wconf 90' lang='lat' dir='ltr'><strong>qui</strong></span> <span class='ocrx_word' id='word_1_180' title='bbox 1792 3619 1876 3681; x_wconf 86' lang='lat' dir='ltr'><strong>si·</strong></span> 
     </span>
     <span class='ocr_line' id='line_1_33' title="bbox 394 3722 1874 3798; baseline -0.006 -8"><span class='ocrx_word' id='word_1_181' title='bbox 394 3727 537 3790; x_wconf 87' lang='lat' dir='ltr'><strong>mili</strong></span> <span class='ocrx_word' id='word_1_182' title='bbox 581 3725 776 3787; x_wconf 84' lang='lat' dir='ltr'><strong>modo</strong></span> <span class='ocrx_word' id='word_1_183' title='bbox 839 3747 984 3788; x_wconf 90' lang='lat' dir='ltr'><strong>cum</strong></span> <span class='ocrx_word' id='word_1_184' title='bbox 1048 3725 1297 3798; x_wconf 89' lang='lat' dir='ltr'><strong>Decio,</strong></span> <span class='ocrx_word' id='word_1_185' title='bbox 1355 3722 1742 3796; x_wconf 84' lang='lat' dir='ltr'><strong>Etruscilla,</strong></span> <span class='ocrx_word' id='word_1_186' title='bbox 1807 3732 1874 3782; x_wconf 87' lang='lat' dir='ltr'><strong>et</strong></span> 
     </span>
    </p>
   </div>
   <div class='ocr_carea' id='block_1_3' title="bbox 366 3820 1921 3907">
    <p class='ocr_par' dir='ltr' id='par_1_4' title="bbox 366 3820 1921 3907">
     <span class='ocr_line' id='line_1_34' title="bbox 366 3820 1921 3907; baseline -0.005 -15"><span class='ocrx_word' id='word_1_187' title='bbox 366 3829 730 3904; x_wconf 64' lang='lat' dir='ltr'><strong>Berennio</strong></span> <span class='ocrx_word' id='word_1_188' title='bbox 793 3828 867 3898; x_wconf 22' lang='lat' dir='ltr'><strong>in*</strong></span> <span class='ocrx_word' id='word_1_189' title='bbox 901 3827 1113 3887; x_wconf 74' lang='lat' dir='ltr'><strong>numia</strong></span> <span class='ocrx_word' id='word_1_190' title='bbox 1158 3824 1596 3907; x_wconf 82' lang='lat' dir='ltr'><strong>conjungitur.</strong></span> <span class='ocrx_word' id='word_1_191' title='bbox 1683 3820 1871 3890; x_wconf 83' lang='lat' dir='ltr'><strong>Adde</strong></span> <span class='ocrx_word' id='word_1_192' title='bbox 1912 3889 1921 3894; x_wconf 62' lang='grc'>,</span> 
     </span>
    </p>
   </div>
   <div class='ocr_carea' id='block_1_4' title="bbox 304 3923 1874 4320">
    <p class='ocr_par' dir='ltr' id='par_1_5' title="bbox 304 3923 1874 4320">
     <span class='ocr_line' id='line_1_35' title="bbox 394 3923 1874 4004; baseline -0.005 -14"><span class='ocrx_word' id='word_1_193' title='bbox 394 3929 587 3992; x_wconf 90' lang='lat' dir='ltr'><strong>etiam</strong></span> <span class='ocrx_word' id='word_1_194' title='bbox 624 3932 849 3990; x_wconf 74' lang='lat' dir='ltr'><strong>Mes-sii</strong></span> <span class='ocrx_word' id='word_1_195' title='bbox 879 3930 1104 4004; x_wconf 75' lang='lat' dir='ltr'><strong>Quinti</strong></span> <span class='ocrx_word' id='word_1_196' title='bbox 1129 3926 1389 3987; x_wconf 85' lang='lat' dir='ltr'><strong>nomina</strong></span> <span class='ocrx_word' id='word_1_197' title='bbox 1409 3923 1776 3986; x_wconf 83' lang='lat' dir='ltr'><strong>Hostiliano</strong></span> <span class='ocrx_word' id='word_1_198' title='bbox 1805 3923 1874 3982; x_wconf 90' lang='lat' dir='ltr'><strong>in</strong></span> 
     </span>
     <span class='ocr_line' id='line_1_36' title="bbox 391 4025 1874 4111; baseline -0.005 -20"><span class='ocrx_word' id='word_1_199' title='bbox 391 4028 624 4092; x_wconf 85' lang='lat' dir='ltr'><strong>iisdem</strong></span> <span class='ocrx_word' id='word_1_200' title='bbox 672 4029 854 4104; x_wconf 87' lang='lat' dir='ltr'><strong>data,</strong></span> <span class='ocrx_word' id='word_1_201' title='bbox 900 4047 1068 4111; x_wconf 86' lang='lat' dir='ltr'><strong>quae</strong></span> <span class='ocrx_word' id='word_1_202' title='bbox 1115 4027 1341 4109; x_wconf 84' lang='lat' dir='ltr'><strong>utique</strong></span> <span class='ocrx_word' id='word_1_203' title='bbox 1385 4025 1643 4087; x_wconf 87' lang='lat' dir='ltr'><strong>nonnisi</strong></span> <span class='ocrx_word' id='word_1_204' title='bbox 1680 4046 1723 4084; x_wconf 88' lang='lat' dir='ltr'><strong>a</strong></span> <span class='ocrx_word' id='word_1_205' title='bbox 1766 4044 1874 4104; x_wconf 88' lang='lat' dir='ltr'><strong>pa·</strong></span> 
     </span>
     <span class='ocr_line' id='line_1_37' title="bbox 392 4117 1869 4223; baseline -0.004 -31"><span class='ocrx_word' id='word_1_206' title='bbox 392 4145 494 4204; x_wconf 75' lang='lat' dir='ltr'><strong>tre</strong></span> <span class='ocrx_word' id='word_1_207' title='bbox 538 4131 783 4193; x_wconf 83' lang='lat' dir='ltr'><strong>Messio</strong></span> <span class='ocrx_word' id='word_1_208' title='bbox 826 4129 1072 4223; x_wconf 82' lang='lat' dir='ltr'><strong>Quinto</strong></span> <span class='ocrx_word' id='word_1_209' title='bbox 1100 4128 1312 4190; x_wconf 87' lang='lat' dir='ltr'><strong>Decio</strong></span> <span class='ocrx_word' id='word_1_210' title='bbox 1350 4127 1639 4190; x_wconf 82' lang='lat' dir='ltr'><strong>traxerit.</strong></span> <span class='ocrx_word' id='word_1_211' title='bbox 1700 4117 1869 4194; x_wconf 82' lang='lat' dir='ltr'><strong>Vide</strong></span> 
     </span>
     <span class='ocr_line' id='line_1_38' title="bbox 304 4223 1686 4320; baseline -0.006 -22"><span class='ocrx_word' id='word_1_212' title='bbox 304 4303 315 4320; x_wconf 32' lang='grc' dir='ltr'><strong><em>ο</em></strong></span> <span class='ocrx_word' id='word_1_213' title='bbox 368 4245 770 4320; x_wconf 54' lang='grc' dir='ltr'><strong>Ἴειτςιιιιιειιῑιι</strong></span> <span class='ocrx_word' id='word_1_214' title='bbox 808 4233 933 4293; x_wconf 87' lang='lat' dir='ltr'><strong>alia</strong></span> <span class='ocrx_word' id='word_1_215' title='bbox 966 4228 1138 4313; x_wconf 79' lang='lat' dir='ltr'><strong>apud</strong></span> <span class='ocrx_word' id='word_1_216' title='bbox 1169 4228 1570 4292; x_wconf 87' lang='lat' dir='ltr'><strong>Bandurium</strong></span> <span class='ocrx_word' id='word_1_217' title='bbox 1601 4223 1686 4306; x_wconf 70' lang='lat' dir='ltr'><strong>d).</strong></span> 
     </span>
    </p>
   </div>
   <div class='ocr_carea' id='block_1_5' title="bbox 1981 600 3508 3005">
    <p class='ocr_par' dir='ltr' id='par_1_6' title="bbox 1981 600 3508 3005">
     <span class='ocr_line' id='line_1_39' title="bbox 2108 600 3473 696; baseline 0.004 -33"><span class='ocrx_word' id='word_1_218' title='bbox 2108 600 2238 696; x_wconf 85' lang='lat' dir='ltr'><strong>Qui</strong></span> <span class='ocrx_word' id='word_1_219' title='bbox 2274 621 2590 685; x_wconf 81' lang='lat' dir='ltr'><strong>generum</strong></span> <span class='ocrx_word' id='word_1_220' title='bbox 2625 602 2902 673; x_wconf 83' lang='lat' dir='ltr'><strong>malunt,</strong></span> <span class='ocrx_word' id='word_1_221' title='bbox 2931 621 3110 685; x_wconf 75' lang='lat' dir='ltr'><strong>⁷quos</strong></span> <span class='ocrx_word' id='word_1_222' title='bbox 3135 601 3473 687; x_wconf 83' lang='lat' dir='ltr'><strong>interpost</strong></span> 
     </span>
     <span class='ocr_line' id='line_1_40' title="bbox 1981 703 3467 786; baseline 0 -21"><span class='ocrx_word' id='word_1_223' title='bbox 1981 703 2402 777; x_wconf 76' lang='lat' dir='ltr'><strong>Panvinium‘,</strong></span> <span class='ocrx_word' id='word_1_224' title='bbox 2452 704 2846 780; x_wconf 84' lang='lat' dir='ltr'><strong>Tristanum,</strong></span> <span class='ocrx_word' id='word_1_225' title='bbox 2896 704 3357 786; x_wconf 72' lang='lat' dir='ltr'><strong>spanhemium</strong></span> <span class='ocrx_word' id='word_1_226' title='bbox 3394 716 3467 784; x_wconf 74' lang='lat'><strong>⁰),</strong></span> 
     </span>
     <span class='ocr_line' id='line_1_41' title="bbox 1982 802 3468 889; baseline 0.002 -23"><span class='ocrx_word' id='word_1_227' title='bbox 1982 806 2276 889; x_wconf 89' lang='lat' dir='ltr'><strong>aliosque</strong></span> <span class='ocrx_word' id='word_1_228' title='bbox 2322 805 2446 866; x_wconf 89' lang='lat' dir='ltr'><strong>suit</strong></span> <span class='ocrx_word' id='word_1_229' title='bbox 2484 805 2681 867; x_wconf 86' lang='lat' dir='ltr'><strong>etiam</strong></span> <span class='ocrx_word' id='word_1_230' title='bbox 2729 805 3013 867; x_wconf 70' lang='lat' dir='ltr'><strong>Liebe&#39;us</strong></span> <span class='ocrx_word' id='word_1_231' title='bbox 3057 802 3143 883; x_wconf 77' lang='lat' dir='ltr'><strong>s),</strong></span> <span class='ocrx_word' id='word_1_232' title='bbox 3207 826 3468 869; x_wconf 86' lang='lat' dir='ltr'><strong>causam</strong></span> 
     </span>
     <span class='ocr_line' id='line_1_42' title="bbox 1985 906 3470 991; baseline 0.002 -24"><span class='ocrx_word' id='word_1_233' title='bbox 1985 927 2164 987; x_wconf 69' lang='lat' dir='ltr'><strong>suam</strong></span> <span class='ocrx_word' id='word_1_234' title='bbox 2214 906 2506 988; x_wconf 85' lang='lat' dir='ltr'><strong>patronis</strong></span> <span class='ocrx_word' id='word_1_235' title='bbox 2547 906 2912 982; x_wconf 83' lang='lat' dir='ltr'><strong>historicis,</strong></span> <span class='ocrx_word' id='word_1_236' title='bbox 2959 921 3025 969; x_wconf 90' lang='lat' dir='ltr'><strong>et</strong></span> <span class='ocrx_word' id='word_1_237' title='bbox 3055 907 3211 991; x_wconf 84' lang='lat' dir='ltr'><strong>ipsis</strong></span> <span class='ocrx_word' id='word_1_238' title='bbox 3253 907 3470 970; x_wconf 84' lang='lat' dir='ltr'><strong>Hosti-</strong></span> 
     </span>
     <span class='ocr_line' id='line_1_43' title="bbox 1987 1005 3467 1091; baseline 0.004 -24"><span class='ocrx_word' id='word_1_239' title='bbox 1987 1008 2144 1068; x_wconf 87' lang='lat' dir='ltr'><strong>liani</strong></span> <span class='ocrx_word' id='word_1_240' title='bbox 2222 1005 2592 1067; x_wconf 81' lang='lat' dir='ltr'><strong>nominibus</strong></span> <span class='ocrx_word' id='word_1_241' title='bbox 2639 1028 3086 1091; x_wconf 45' lang='lat' dir='ltr'><strong>‘propugnare</strong></span> <span class='ocrx_word' id='word_1_242' title='bbox 3150 1011 3467 1073; x_wconf 86' lang='lat' dir='ltr'><strong>nituntur.</strong></span> 
     </span>
     <span class='ocr_line' id='line_1_44' title="bbox 1985 1105 3469 1190; baseline 0.001 -21"><span class='ocrx_word' id='word_1_243' title='bbox 1985 1106 2393 1180; x_wconf 87' lang='lat' dir='ltr'><strong>Historicos,</strong></span> <span class='ocrx_word' id='word_1_244' title='bbox 2442 1105 2553 1190; x_wconf 88' lang='lat' dir='ltr'><strong>qui</strong></span> <span class='ocrx_word' id='word_1_245' title='bbox 2603 1108 2793 1189; x_wconf 87' lang='lat' dir='ltr'><strong>hujus</strong></span> <span class='ocrx_word' id='word_1_246' title='bbox 2835 1112 3064 1171; x_wconf 83' lang='lat' dir='ltr'><strong>aetatis</strong></span> <span class='ocrx_word' id='word_1_247' title='bbox 3116 1108 3282 1172; x_wconf 86' lang='lat' dir='ltr'><strong>facta</strong></span> <span class='ocrx_word' id='word_1_248' title='bbox 3337 1131 3469 1179; x_wconf 89' lang='lat' dir='ltr'><strong>me-</strong></span> 
     </span>
     <span class='ocr_line' id='line_1_45' title="bbox 1987 1206 3467 1296; baseline 0.003 -28"><span class='ocrx_word' id='word_1_249' title='bbox 1987 1209 2234 1269; x_wconf 85' lang='lat' dir='ltr'><strong>moriae</strong></span> <span class='ocrx_word' id='word_1_250' title='bbox 2296 1206 2685 1291; x_wconf 76' lang='lat' dir='ltr'><strong>prodidere,</strong></span> <span class='ocrx_word' id='word_1_251' title='bbox 2762 1230 2889 1269; x_wconf 90' lang='lat' dir='ltr'><strong>non</strong></span> <span class='ocrx_word' id='word_1_252' title='bbox 2964 1232 3225 1286; x_wconf 85' lang='lat' dir='ltr'><strong>moror,</strong></span> <span class='ocrx_word' id='word_1_253' title='bbox 3305 1233 3467 1296; x_wconf 85' lang='lat' dir='ltr'><strong>quos</strong></span> 
     </span>
     <span class='ocr_line' id='line_1_46' title="bbox 1986 1309 3468 1390; baseline 0.002 -20"><span class='ocrx_word' id='word_1_254' title='bbox 1986 1309 2139 1371; x_wconf 86' lang='lat' dir='ltr'><strong>satis</strong></span> <span class='ocrx_word' id='word_1_255' title='bbox 2179 1322 2430 1371; x_wconf 89' lang='lat' dir='ltr'><strong>constat</strong></span> <span class='ocrx_word' id='word_1_256' title='bbox 2470 1321 2597 1368; x_wconf 89' lang='lat' dir='ltr'><strong>tam</strong></span> <span class='ocrx_word' id='word_1_257' title='bbox 2635 1321 2860 1390; x_wconf 86' lang='lat' dir='ltr'><strong>aperte</strong></span> <span class='ocrx_word' id='word_1_258' title='bbox 2903 1309 3026 1369; x_wconf 83' lang='lat' dir='ltr'><strong>sibi</strong></span> <span class='ocrx_word' id='word_1_259' title='bbox 3066 1312 3468 1373; x_wconf 84' lang='lat' dir='ltr'><strong>contradice-</strong></span> 
     </span>
     <span class='ocr_line' id='line_1_47' title="bbox 1982 1408 3508 1495; baseline 0.001 -24"><span class='ocrx_word' id='word_1_260' title='bbox 1982 1430 2100 1495; x_wconf 73' lang='lat' dir='ltr'><strong>re,</strong></span> <span class='ocrx_word' id='word_1_261' title='bbox 2147 1423 2246 1485; x_wconf 86' lang='lat' dir='ltr'><strong>nt,</strong></span> <span class='ocrx_word' id='word_1_262' title='bbox 2290 1408 2447 1492; x_wconf 88' lang='lat' dir='ltr'><strong>quid</strong></span> <span class='ocrx_word' id='word_1_263' title='bbox 2477 1408 3130 1491; x_wconf 70' lang='lat' dir='ltr'><strong>deniqueteneudum</strong></span> <span class='ocrx_word' id='word_1_264' title='bbox 3169 1413 3288 1488; x_wconf 87' lang='lat' dir='ltr'><strong>sit,</strong></span> <span class='ocrx_word' id='word_1_265' title='bbox 3333 1413 3466 1494; x_wconf 87' lang='lat' dir='ltr'><strong>pla·</strong></span> <span class='ocrx_word' id='word_1_266' title='bbox 3493 1436 3508 1449; x_wconf 91' lang='lat'>·</span> 
     </span>
     <span class='ocr_line' id='line_1_48' title="bbox 1983 1511 3468 1592; baseline 0.001 -21"><span class='ocrx_word' id='word_1_267' title='bbox 1983 1511 2248 1572; x_wconf 89' lang='lat' dir='ltr'><strong>nissime</strong></span> <span class='ocrx_word' id='word_1_268' title='bbox 2289 1511 2590 1592; x_wconf 83' lang='lat' dir='ltr'><strong>ignores,</strong></span> <span class='ocrx_word' id='word_1_269' title='bbox 2640 1529 2804 1592; x_wconf 88' lang='lat' dir='ltr'><strong>quae</strong></span> <span class='ocrx_word' id='word_1_270' title='bbox 2843 1511 3053 1573; x_wconf 85' lang='lat' dir='ltr'><strong>taedia</strong></span> <span class='ocrx_word' id='word_1_271' title='bbox 3087 1512 3167 1573; x_wconf 85' lang='lat' dir='ltr'><strong>ad</strong></span> <span class='ocrx_word' id='word_1_272' title='bbox 3210 1533 3468 1579; x_wconf 73' lang='lat' dir='ltr'><strong>causam</strong></span> 
     </span>
     <span class='ocr_line' id='line_1_49' title="bbox 1981 1610 3469 1694; baseline 0 -22"><span class='ocrx_word' id='word_1_273' title='bbox 1981 1625 2397 1694; x_wconf 85' lang='lat' dir='ltr'><strong>praesentem</strong></span> <span class='ocrx_word' id='word_1_274' title='bbox 2425 1610 2816 1692; x_wconf 83' lang='lat' dir='ltr'><strong>pertinentia</strong></span> <span class='ocrx_word' id='word_1_275' title='bbox 2839 1612 3062 1673; x_wconf 80' lang='lat' dir='ltr'><strong>videre</strong></span> <span class='ocrx_word' id='word_1_276' title='bbox 3088 1622 3281 1694; x_wconf 79' lang='lat' dir='ltr'><strong>&#39;potes</strong></span> <span class='ocrx_word' id='word_1_277' title='bbox 3298 1614 3469 1694; x_wconf 88' lang='lat' dir='ltr'><strong>apud</strong></span> 
     </span>
     <span class='ocr_line' id='line_1_50' title="bbox 1984 1696 3470 1795; baseline 0.001 -22"><span class='ocrx_word' id='word_1_278' title='bbox 1984 1711 2474 1795; x_wconf 83' lang='lat' dir='ltr'><strong>Spanhemium.</strong></span> <span class='ocrx_word' id='word_1_279' title='bbox 2559 1710 2661 1771; x_wconf 75' lang='lat' dir='ltr'><strong>Ad</strong></span> <span class='ocrx_word' id='word_1_280' title='bbox 2718 1711 2980 1772; x_wconf 89' lang='lat' dir='ltr'><strong>nomina</strong></span> <span class='ocrx_word' id='word_1_281' title='bbox 3016 1717 3304 1775; x_wconf 79' lang='lat' dir='ltr'><strong>Valentis</strong></span> <span class='ocrx_word' id='word_1_282' title='bbox 3342 1696 3470 1778; x_wconf 73' lang='lat' dir='ltr'><strong>Ho-</strong></span> 
     </span>
     <span class='ocr_line' id='line_1_51' title="bbox 1983 1810 3467 1896; baseline 0.002 -23"><span class='ocrx_word' id='word_1_283' title='bbox 1983 1817 2238 1891; x_wconf 58' lang='lat' dir='ltr'><strong>stiliam·</strong></span> <span class='ocrx_word' id='word_1_284' title='bbox 2278 1810 2454 1894; x_wconf 89' lang='lat' dir='ltr'><strong>quod</strong></span> <span class='ocrx_word' id='word_1_285' title='bbox 2506 1811 2767 1882; x_wconf 80' lang='lat' dir='ltr'><strong>attinet,</strong></span> <span class='ocrx_word' id='word_1_286' title='bbox 2809 1811 2923 1872; x_wconf 85' lang='lat' dir='ltr'><strong>illa</strong></span> <span class='ocrx_word' id='word_1_287' title='bbox 2970 1834 3183 1896; x_wconf 86' lang='lat' dir='ltr'><strong>neque</strong></span> <span class='ocrx_word' id='word_1_288' title='bbox 3231 1814 3467 1884; x_wconf 78' lang='lat' dir='ltr'><strong>Decio,</strong></span> 
     </span>
     <span class='ocr_line' id='line_1_52' title="bbox 1986 1911 3468 1994; baseline 0.001 -20"><span class='ocrx_word' id='word_1_289' title='bbox 1986 1912 2206 1994; x_wconf 90' lang='lat' dir='ltr'><strong>ajunt,</strong></span> <span class='ocrx_word' id='word_1_290' title='bbox 2253 1930 2464 1992; x_wconf 87' lang='lat' dir='ltr'><strong>neque</strong></span> <span class='ocrx_word' id='word_1_291' title='bbox 2509 1911 2903 1972; x_wconf 83' lang='lat' dir='ltr'><strong>Etruscillae</strong></span> <span class='ocrx_word' id='word_1_292' title='bbox 2949 1912 3338 1989; x_wconf 83' lang='lat' dir='ltr'><strong>inhaesisse,</strong></span> <span class='ocrx_word' id='word_1_293' title='bbox 3385 1935 3468 1975; x_wconf 82' lang='lat' dir='ltr'><strong>ex</strong></span> 
     </span>
     <span class='ocr_line' id='line_1_53' title="bbox 1988 2010 3468 2096; baseline 0.001 -24"><span class='ocrx_word' id='word_1_294' title='bbox 1988 2033 2116 2096; x_wconf 90' lang='lat' dir='ltr'><strong>quo</strong></span> <span class='ocrx_word' id='word_1_295' title='bbox 2145 2014 2424 2091; x_wconf 81' lang='lat' dir='ltr'><strong>arguunt</strong></span> <span class='ocrx_word' id='word_1_296' title='bbox 2444 2053 2459 2081; x_wconf 92' lang='lat'><strong>,</strong></span> <span class='ocrx_word' id='word_1_297' title='bbox 2495 2030 2575 2070; x_wconf 76' lang='lat' dir='ltr'><strong>ex</strong></span> <span class='ocrx_word' id='word_1_298' title='bbox 2601 2010 2807 2070; x_wconf 85' lang='lat' dir='ltr'><strong>aliena</strong></span> <span class='ocrx_word' id='word_1_299' title='bbox 2835 2031 2980 2072; x_wconf 87' lang='lat' dir='ltr'><strong>eum</strong></span> <span class='ocrx_word' id='word_1_300' title='bbox 3005 2029 3199 2095; x_wconf 86' lang='lat' dir='ltr'><strong>gente</strong></span> <span class='ocrx_word' id='word_1_301' title='bbox 3229 2015 3292 2074; x_wconf 92' lang='lat' dir='ltr'><strong>in</strong></span> <span class='ocrx_word' id='word_1_302' title='bbox 3314 2036 3468 2096; x_wconf 84' lang='lat' dir='ltr'><strong>gen-</strong></span> 
     </span>
     <span class='ocr_line' id='line_1_54' title="bbox 1983 2110 3467 2181; baseline 0.002 -8"><span class='ocrx_word' id='word_1_303' title='bbox 1983 2126 2114 2173; x_wconf 85' lang='lat' dir='ltr'><strong>tem</strong></span> <span class='ocrx_word' id='word_1_304' title='bbox 2150 2111 2418 2171; x_wconf 73' lang='lat' dir='ltr'><strong>Decima</strong></span> <span class='ocrx_word' id='word_1_305' title='bbox 2453 2110 2653 2171; x_wconf 78' lang='lat' dir='ltr'><strong>fuisse</strong></span> <span class='ocrx_word' id='word_1_306' title='bbox 2685 2114 3084 2173; x_wconf 84' lang='lat' dir='ltr'><strong>translatum.</strong></span> <span class='ocrx_word' id='word_1_307' title='bbox 3130 2115 3467 2181; x_wconf 85' lang='lat' dir='ltr'><strong>Verisimi-</strong></span> 
     </span>
     <span class='ocr_line' id='line_1_55' title="bbox 1984 2213 3466 2294; baseline 0.003 -20"><span class='ocrx_word' id='word_1_308' title='bbox 1984 2215 2049 2275; x_wconf 87' lang='lat' dir='ltr'><strong>le</strong></span> <span class='ocrx_word' id='word_1_309' title='bbox 2088 2213 2288 2294; x_wconf 84' lang='lat' dir='ltr'><strong>igitur</strong></span> <span class='ocrx_word' id='word_1_310' title='bbox 2330 2224 2592 2293; x_wconf 87' lang='lat' dir='ltr'><strong>putant,</strong></span> <span class='ocrx_word' id='word_1_311' title='bbox 2652 2213 2927 2274; x_wconf 88' lang='lat' dir='ltr'><strong>Decium</strong></span> <span class='ocrx_word' id='word_1_312' title='bbox 2963 2227 3271 2276; x_wconf 81' lang='lat' dir='ltr'><strong>extraneo</strong></span> <span class='ocrx_word' id='word_1_313' title='bbox 3311 2216 3466 2279; x_wconf 86' lang='lat' dir='ltr'><strong>huic</strong></span> 
     </span>
     <span class='ocr_line' id='line_1_56' title="bbox 1984 2312 3467 2396; baseline 0.004 -22"><span class='ocrx_word' id='word_1_314' title='bbox 1984 2314 2233 2375; x_wconf 87' lang='lat' dir='ltr'><strong>homini</strong></span> <span class='ocrx_word' id='word_1_315' title='bbox 2292 2312 2651 2389; x_wconf 80' lang='lat' dir='ltr'><strong>collocasse</strong></span> <span class='ocrx_word' id='word_1_316' title='bbox 2707 2314 3073 2396; x_wconf 86' lang='lat' dir='ltr'><strong>quampiam</strong></span> <span class='ocrx_word' id='word_1_317' title='bbox 3145 2339 3324 2378; x_wconf 83' lang='lat' dir='ltr'><strong>suam</strong></span> <span class='ocrx_word' id='word_1_318' title='bbox 3394 2316 3467 2379; x_wconf 85' lang='lat' dir='ltr'><strong>fi-</strong></span> 
     </span>
     <span class='ocr_line' id='line_1_57' title="bbox 1986 2414 3466 2496; baseline 0.005 -22"><span class='ocrx_word' id='word_1_319' title='bbox 1986 2415 2135 2475; x_wconf 89' lang='lat' dir='ltr'><strong>liam</strong></span> <span class='ocrx_word' id='word_1_320' title='bbox 2159 2457 2175 2487; x_wconf 92' lang='lat'>‚</span> <span class='ocrx_word' id='word_1_321' title='bbox 2223 2433 2502 2495; x_wconf 84' lang='lat' dir='ltr'><strong>eumque</strong></span> <span class='ocrx_word' id='word_1_322' title='bbox 2539 2414 2702 2474; x_wconf 86' lang='lat' dir='ltr'><strong>adeo</strong></span> <span class='ocrx_word' id='word_1_323' title='bbox 2736 2414 2858 2474; x_wconf 87' lang='lat' dir='ltr'><strong>sibi</strong></span> <span class='ocrx_word' id='word_1_324' title='bbox 2890 2435 3206 2496; x_wconf 83' lang='lat' dir='ltr'><strong>generum</strong></span> <span class='ocrx_word' id='word_1_325' title='bbox 3243 2415 3466 2482; x_wconf 86' lang='lat' dir='ltr'><strong>addito</strong></span> 
     </span>
     <span class='ocr_line' id='line_1_58' title="bbox 1985 2511 3463 2581; baseline 0.003 -4"><span class='ocrx_word' id='word_1_326' title='bbox 1985 2514 2280 2578; x_wconf 82' lang='lat' dir='ltr'><strong>Caesaris</strong></span> <span class='ocrx_word' id='word_1_327' title='bbox 2324 2511 2576 2573; x_wconf 89' lang='lat' dir='ltr'><strong>honore</strong></span> <span class='ocrx_word' id='word_1_328' title='bbox 2626 2513 2996 2576; x_wconf 87' lang='lat' dir='ltr'><strong>adscivisse.</strong></span> <span class='ocrx_word' id='word_1_329' title='bbox 3088 2517 3463 2581; x_wconf 87' lang='lat' dir='ltr'><strong>Sententiae</strong></span> 
     </span>
     <span class='ocr_line' id='line_1_59' title="bbox 1982 2613 3467 2697; baseline 0.003 -19"><span class='ocrx_word' id='word_1_330' title='bbox 1982 2636 2138 2678; x_wconf 82' lang='lat' dir='ltr'><strong>suae</strong></span> <span class='ocrx_word' id='word_1_331' title='bbox 2183 2635 2311 2697; x_wconf 91' lang='lat' dir='ltr'><strong>quo</strong></span> <span class='ocrx_word' id='word_1_332' title='bbox 2358 2613 2666 2691; x_wconf 84' lang='lat' dir='ltr'><strong>majorem</strong></span> <span class='ocrx_word' id='word_1_333' title='bbox 2713 2614 2911 2678; x_wconf 84' lang='lat' dir='ltr'><strong>fidem</strong></span> <span class='ocrx_word' id='word_1_334' title='bbox 2966 2616 3297 2694; x_wconf 75' lang='lat' dir='ltr'><strong>facerent,</strong></span> <span class='ocrx_word' id='word_1_335' title='bbox 3360 2641 3467 2684; x_wconf 92' lang='lat' dir='ltr'><strong>oc-</strong></span> 
     </span>
     <span class='ocr_line' id='line_1_60' title="bbox 1984 2716 3465 2789; baseline 0.002 -10"><span class='ocrx_word' id='word_1_336' title='bbox 1984 2717 2335 2789; x_wconf 85' lang='lat' dir='ltr'><strong>currebat,</strong></span> <span class='ocrx_word' id='word_1_337' title='bbox 2381 2738 2415 2775; x_wconf 94' lang='lat' dir='ltr'><strong>a</strong></span> <span class='ocrx_word' id='word_1_338' title='bbox 2466 2716 2717 2777; x_wconf 78' lang='lat' dir='ltr'><strong>Zouara</strong></span> <span class='ocrx_word' id='word_1_339' title='bbox 2761 2730 2826 2777; x_wconf 90' lang='lat' dir='ltr'><strong>et</strong></span> <span class='ocrx_word' id='word_1_340' title='bbox 2875 2717 3465 2782; x_wconf 79' lang='lat' dir='ltr'><strong>Cedreno&#39;memo-</strong></span> 
     </span>
     <span class='ocr_line' id='line_1_61' title="bbox 1982 2817 3462 2901; baseline 0.001 -21"><span class='ocrx_word' id='word_1_341' title='bbox 1982 2820 2117 2881; x_wconf 84' lang='lat' dir='ltr'><strong>rari</strong></span> <span class='ocrx_word' id='word_1_342' title='bbox 2190 2817 2535 2901; x_wconf 87' lang='lat' dir='ltr'><strong>quemdam</strong></span> <span class='ocrx_word' id='word_1_343' title='bbox 2613 2818 2929 2879; x_wconf 84' lang='lat' dir='ltr'><strong>Severum</strong></span> <span class='ocrx_word' id='word_1_344' title='bbox 3008 2820 3462 2899; x_wconf 80' lang='lat' dir='ltr'><strong>Hostilianum,</strong></span> 
     </span>
     <span class='ocr_line' id='line_1_62' title="bbox 1982 2911 3467 3005; baseline 0.004 -25"><span class='ocrx_word' id='word_1_345' title='bbox 1982 2939 2176 3005; x_wconf 86' lang='lat' dir='ltr'><strong>quem</strong></span> <span class='ocrx_word' id='word_1_346' title='bbox 2213 2918 2392 3001; x_wconf 89' lang='lat' dir='ltr'><strong>ajunt</strong></span> <span class='ocrx_word' id='word_1_347' title='bbox 2419 2918 2622 2981; x_wconf 88' lang='lat' dir='ltr'><strong>fuisse</strong></span> <span class='ocrx_word' id='word_1_348' title='bbox 2659 2918 2830 2980; x_wconf 88' lang='lat' dir='ltr'><strong>inter</strong></span> <span class='ocrx_word' id='word_1_349' title='bbox 2865 2911 3281 2984; x_wconf 81' lang='lat' dir='ltr'><strong>successores</strong></span> <span class='ocrx_word' id='word_1_350' title='bbox 3300 2923 3467 2986; x_wconf 86' lang='lat' dir='ltr'><strong>Gor·</strong></span> 
     </span>
    </p>
   </div>
   <div class='ocr_carea' id='block_1_6' title="bbox 1934 3019 3467 3103">
    <p class='ocr_par' dir='ltr' id='par_1_7' title="bbox 1934 3019 3467 3103">
     <span class='ocr_line' id='line_1_63' title="bbox 1934 3019 3467 3103; baseline 0.003 -20"><span class='ocrx_word' id='word_1_351' title='bbox 1934 3063 1940 3068; x_wconf 85' lang='lat'>-</span> <span class='ocrx_word' id='word_1_352' title='bbox 1982 3022 2155 3084; x_wconf 86' lang='lat' dir='ltr'><strong>diani</strong></span> <span class='ocrx_word' id='word_1_353' title='bbox 2198 3022 2341 3097; x_wconf 86' lang='lat'><strong>111.,</strong></span> <span class='ocrx_word' id='word_1_354' title='bbox 2393 3021 2577 3103; x_wconf 85' lang='lat' dir='ltr'><strong>cujus</strong></span> <span class='ocrx_word' id='word_1_355' title='bbox 2616 3019 2792 3081; x_wconf 83' lang='lat' dir='ltr'><strong>filius</strong></span> <span class='ocrx_word' id='word_1_356' title='bbox 2825 3020 3026 3082; x_wconf 86' lang='lat' dir='ltr'><strong>fuerit</strong></span> <span class='ocrx_word' id='word_1_357' title='bbox 3057 3024 3467 3087; x_wconf 78' lang='lat' dir='ltr'><strong>Hostilianus</strong></span> 
     </span>
    </p>
   </div>
   <div class='ocr_carea' id='block_1_7' title="bbox 1980 3123 3476 4312">
    <p class='ocr_par' dir='ltr' id='par_1_8' title="bbox 1980 3123 3476 4312">
     <span class='ocr_line' id='line_1_64' title="bbox 1980 3123 3464 3204; baseline 0.004 -21"><span class='ocrx_word' id='word_1_358' title='bbox 1980 3137 2243 3198; x_wconf 84' lang='lat' dir='ltr'><strong>noster,</strong></span> <span class='ocrx_word' id='word_1_359' title='bbox 2292 3123 2532 3204; x_wconf 86' lang='lat' dir='ltr'><strong>quippe</strong></span> <span class='ocrx_word' id='word_1_360' title='bbox 2568 3126 2790 3183; x_wconf 71' lang='lat' dir='ltr'><strong>Mes-sii</strong></span> <span class='ocrx_word' id='word_1_361' title='bbox 2810 3127 3034 3199; x_wconf 73' lang='lat' dir='ltr'><strong>Quinti</strong></span> <span class='ocrx_word' id='word_1_362' title='bbox 3064 3127 3326 3188; x_wconf 84' lang='lat' dir='ltr'><strong>nomina</strong></span> <span class='ocrx_word' id='word_1_363' title='bbox 3361 3146 3464 3189; x_wconf 82' lang='lat' dir='ltr'><strong>ce-</strong></span> 
     </span>
     <span class='ocr_line' id='line_1_65' title="bbox 1984 3203 3468 3305; baseline 0.003 -21"><span class='ocrx_word' id='word_1_364' title='bbox 1984 3223 2156 3305; x_wconf 86' lang='lat' dir='ltr'><strong>perit</strong></span> <span class='ocrx_word' id='word_1_365' title='bbox 2197 3244 2230 3281; x_wconf 92' lang='lat' dir='ltr'><strong>a</strong></span> <span class='ocrx_word' id='word_1_366' title='bbox 2275 3203 2485 3283; x_wconf 88' lang='lat' dir='ltr'><strong>Decio</strong></span> <span class='ocrx_word' id='word_1_367' title='bbox 2541 3221 2924 3304; x_wconf 83' lang='lat' dir='ltr'><strong>adoptante,</strong></span> <span class='ocrx_word' id='word_1_368' title='bbox 2992 3228 3281 3287; x_wconf 77' lang='lat' dir='ltr'><strong>Valentis</strong></span> <span class='ocrx_word' id='word_1_369' title='bbox 3337 3231 3468 3289; x_wconf 87' lang='lat' dir='ltr'><strong>Ho-</strong></span> 
     </span>
     <span class='ocr_line' id='line_1_66' title="bbox 1984 3305 3469 3402; baseline 0.005 -20"><span class='ocrx_word' id='word_1_370' title='bbox 1984 3323 2240 3382; x_wconf 71' lang='lat' dir='ltr'><strong>stiliam&#39;</strong></span> <span class='ocrx_word' id='word_1_371' title='bbox 2283 3341 2317 3381; x_wconf 89' lang='lat' dir='ltr'><strong>a</strong></span> <span class='ocrx_word' id='word_1_372' title='bbox 2362 3305 2546 3402; x_wconf 77' lang='lat' dir='ltr'><strong>putre</strong></span> <span class='ocrx_word' id='word_1_373' title='bbox 2590 3321 2894 3384; x_wconf 84' lang='lat' dir='ltr'><strong>naturali.</strong></span> <span class='ocrx_word' id='word_1_374' title='bbox 2979 3325 3160 3385; x_wconf 87' lang='lat' dir='ltr'><strong>Haec</strong></span> <span class='ocrx_word' id='word_1_375' title='bbox 3200 3325 3319 3387; x_wconf 89' lang='lat' dir='ltr'><strong>illi.</strong></span> <span class='ocrx_word' id='word_1_376' title='bbox 3384 3328 3469 3389; x_wconf 77' lang='lat' dir='ltr'><strong>At</strong></span> 
     </span>
     <span class='ocr_line' id='line_1_67' title="bbox 1984 3417 3470 3502; baseline 0.005 -19"><span class='ocrx_word' id='word_1_377' title='bbox 1984 3421 2162 3483; x_wconf 63' lang='lat' dir='ltr'><strong>⁴enim</strong></span> <span class='ocrx_word' id='word_1_378' title='bbox 2197 3417 2523 3481; x_wconf 86' lang='lat' dir='ltr'><strong>infirmum</strong></span> <span class='ocrx_word' id='word_1_379' title='bbox 2558 3435 2656 3482; x_wconf 83' lang='lat' dir='ltr'><strong>est</strong></span> <span class='ocrx_word' id='word_1_380' title='bbox 2688 3437 3143 3502; x_wconf 85' lang='lat' dir='ltr'><strong>argumentum</strong></span> <span class='ocrx_word' id='word_1_381' title='bbox 3173 3424 3347 3485; x_wconf 83' lang='lat' dir='ltr'><strong>istud</strong></span> <span class='ocrx_word' id='word_1_382' title='bbox 3383 3446 3470 3490; x_wconf 81' lang='lat' dir='ltr'><strong>ex</strong></span> 
     </span>
     <span class='ocr_line' id='line_1_68' title="bbox 1988 3515 3466 3606; baseline 0.004 -23"><span class='ocrx_word' id='word_1_383' title='bbox 1988 3515 2360 3583; x_wconf 87' lang='lat' dir='ltr'><strong>nominibus</strong></span> <span class='ocrx_word' id='word_1_384' title='bbox 2401 3534 2677 3604; x_wconf 86' lang='lat' dir='ltr'><strong>captum.</strong></span> <span class='ocrx_word' id='word_1_385' title='bbox 2765 3525 2993 3606; x_wconf 82' lang='lat' dir='ltr'><strong>Neque</strong></span> <span class='ocrx_word' id='word_1_386' title='bbox 3048 3525 3220 3583; x_wconf 89' lang='lat' dir='ltr'><strong>enim</strong></span> <span class='ocrx_word' id='word_1_387' title='bbox 3272 3522 3393 3587; x_wconf 89' lang='lat' dir='ltr'><strong>filii</strong></span> <span class='ocrx_word' id='word_1_388' title='bbox 3428 3548 3466 3590; x_wconf 82' lang='lat' dir='ltr'><strong>a</strong></span> 
     </span>
     <span class='ocr_line' id='line_1_69' title="bbox 1985 3621 3468 3710; baseline 0.005 -28"><span class='ocrx_word' id='word_1_389' title='bbox 1985 3635 2171 3704; x_wconf 85' lang='lat' dir='ltr'><strong>patre</strong></span> <span class='ocrx_word' id='word_1_390' title='bbox 2229 3637 2475 3685; x_wconf 88' lang='lat' dir='ltr'><strong>tantum</strong></span> <span class='ocrx_word' id='word_1_391' title='bbox 2527 3645 2603 3686; x_wconf 92' lang='lat' dir='ltr'><strong>ac</strong></span> <span class='ocrx_word' id='word_1_392' title='bbox 2657 3636 2902 3697; x_wconf 88' lang='lat' dir='ltr'><strong>matre,</strong></span> <span class='ocrx_word' id='word_1_393' title='bbox 2966 3621 3082 3683; x_wconf 85' lang='lat' dir='ltr'><strong>sed</strong></span> <span class='ocrx_word' id='word_1_394' title='bbox 3143 3645 3264 3687; x_wconf 87' lang='lat' dir='ltr'><strong>avo</strong></span> <span class='ocrx_word' id='word_1_395' title='bbox 3308 3648 3468 3710; x_wconf 87' lang='lat' dir='ltr'><strong>quo-</strong></span> 
     </span>
     <span class='ocr_line' id='line_1_70' title="bbox 1988 3724 3468 3807; baseline 0.004 -23"><span class='ocrx_word' id='word_1_396' title='bbox 1988 3743 2113 3806; x_wconf 88' lang='lat' dir='ltr'><strong>que</strong></span> <span class='ocrx_word' id='word_1_397' title='bbox 2151 3745 2223 3786; x_wconf 89' lang='lat' dir='ltr'><strong>ac</strong></span> <span class='ocrx_word' id='word_1_398' title='bbox 2248 3725 2393 3786; x_wconf 81' lang='lat' dir='ltr'><strong>avia</strong></span> <span class='ocrx_word' id='word_1_399' title='bbox 2429 3746 2539 3785; x_wconf 88' lang='lat' dir='ltr'><strong>sua</strong></span> <span class='ocrx_word' id='word_1_400' title='bbox 2570 3724 2907 3807; x_wconf 82' lang='lat' dir='ltr'><strong>collegere</strong></span> <span class='ocrx_word' id='word_1_401' title='bbox 2939 3726 3220 3787; x_wconf 89' lang='lat' dir='ltr'><strong>nomina.</strong></span> <span class='ocrx_word' id='word_1_402' title='bbox 3296 3730 3468 3790; x_wconf 83' lang='lat' dir='ltr'><strong>Mul-</strong></span> 
     </span>
     <span class='ocr_line' id='line_1_71' title="bbox 1985 3826 3465 3908; baseline 0.004 -21"><span class='ocrx_word' id='word_1_403' title='bbox 1985 3837 2057 3888; x_wconf 87' lang='lat' dir='ltr'><strong>to</strong></span> <span class='ocrx_word' id='word_1_404' title='bbox 2101 3838 2291 3902; x_wconf 87' lang='lat' dir='ltr'><strong>ante,</strong></span> <span class='ocrx_word' id='word_1_405' title='bbox 2359 3838 2429 3886; x_wconf 89' lang='lat' dir='ltr'><strong>ut</strong></span> <span class='ocrx_word' id='word_1_406' title='bbox 2470 3827 2692 3908; x_wconf 87' lang='lat' dir='ltr'><strong>paucis</strong></span> <span class='ocrx_word' id='word_1_407' title='bbox 2756 3826 3074 3908; x_wconf 87' lang='lat' dir='ltr'><strong>exemplis</strong></span> <span class='ocrx_word' id='word_1_408' title='bbox 3132 3841 3311 3906; x_wconf 89' lang='lat' dir='ltr'><strong>utar,</strong></span> <span class='ocrx_word' id='word_1_409' title='bbox 3374 3834 3465 3893; x_wconf 86' lang='grc' dir='ltr'><strong>Μ.</strong></span> 
     </span>
     <span class='ocr_line' id='line_1_72' title="bbox 1985 3925 3469 3998; baseline 0.003 -10"><span class='ocrx_word' id='word_1_410' title='bbox 1985 3926 2294 3988; x_wconf 73' lang='lat' dir='ltr'><strong>Aur-elius</strong></span> <span class='ocrx_word' id='word_1_411' title='bbox 2340 3925 2418 3987; x_wconf 88' lang='lat' dir='ltr'><strong>ab</strong></span> <span class='ocrx_word' id='word_1_412' title='bbox 2464 3947 2583 3989; x_wconf 83' lang='lat' dir='ltr'><strong>avo</strong></span> <span class='ocrx_word' id='word_1_413' title='bbox 2649 3926 2859 3987; x_wconf 85' lang='lat' dir='ltr'><strong>dietus</strong></span> <span class='ocrx_word' id='word_1_414' title='bbox 2901 3940 3005 3988; x_wconf 87' lang='lat' dir='ltr'><strong>est</strong></span> <span class='ocrx_word' id='word_1_415' title='bbox 3052 3929 3294 3990; x_wconf 84' lang='lat' dir='ltr'><strong>Annius</strong></span> <span class='ocrx_word' id='word_1_416' title='bbox 3337 3933 3469 3998; x_wconf 82' lang='lat' dir='ltr'><strong>Ve-</strong></span> 
     </span>
     <span class='ocr_line' id='line_1_73' title="bbox 1985 4026 3469 4109; baseline 0.005 -22"><span class='ocrx_word' id='word_1_417' title='bbox 1985 4045 2137 4100; x_wconf 83' lang='lat' dir='ltr'><strong>rus,</strong></span> <span class='ocrx_word' id='word_1_418' title='bbox 2200 4048 2235 4088; x_wconf 88' lang='lat' dir='ltr'><strong>a</strong></span> <span class='ocrx_word' id='word_1_419' title='bbox 2282 4047 2525 4109; x_wconf 86' lang='lat' dir='ltr'><strong>proavo</strong></span> <span class='ocrx_word' id='word_1_420' title='bbox 2583 4040 2878 4088; x_wconf 87' lang='lat' dir='ltr'><strong>materno</strong></span> <span class='ocrx_word' id='word_1_421' title='bbox 2942 4026 3210 4088; x_wconf 88' lang='lat' dir='ltr'><strong>Catilius</strong></span> <span class='ocrx_word' id='word_1_422' title='bbox 3269 4032 3469 4095; x_wconf 81' lang='lat' dir='ltr'><strong>Seve-</strong></span> 
     </span>
     <span class='ocr_line' id='line_1_74' title="bbox 1983 4126 3466 4204; baseline 0.005 -17"><span class='ocrx_word' id='word_1_423' title='bbox 1983 4147 2098 4187; x_wconf 84' lang='lat' dir='ltr'><strong>rus</strong></span> <span class='ocrx_word' id='word_1_424' title='bbox 2128 4126 2212 4204; x_wconf 73' lang='grc'><strong>8).</strong></span> <span class='ocrx_word' id='word_1_425' title='bbox 2275 4128 2441 4188; x_wconf 87' lang='lat' dir='ltr'><strong>Geta</strong></span> <span class='ocrx_word' id='word_1_426' title='bbox 2477 4126 2709 4189; x_wconf 83' lang='lat' dir='ltr'><strong>Severi</strong></span> <span class='ocrx_word' id='word_1_427' title='bbox 2741 4128 2816 4187; x_wconf 82' lang='lat' dir='ltr'><strong>F.</strong></span> <span class='ocrx_word' id='word_1_428' title='bbox 2854 4145 3095 4188; x_wconf 84' lang='lat' dir='ltr'><strong>nomen</strong></span> <span class='ocrx_word' id='word_1_429' title='bbox 3136 4128 3400 4193; x_wconf 85' lang='lat' dir='ltr'><strong>abstulit</strong></span> <span class='ocrx_word' id='word_1_430' title='bbox 3428 4155 3466 4195; x_wconf 76' lang='lat' dir='ltr'><strong>a</strong></span> 
     </span>
     <span class='ocr_line' id='line_1_75' title="bbox 1984 4224 3476 4312; baseline 0.003 -22"><span class='ocrx_word' id='word_1_431' title='bbox 1984 4227 2153 4291; x_wconf 79' lang='lat' dir='ltr'><strong>Geta</strong></span> <span class='ocrx_word' id='word_1_432' title='bbox 2185 4246 2305 4312; x_wconf 80' lang='lat' dir='ltr'><strong>avo</strong></span> <span class='ocrx_word' id='word_1_433' title='bbox 2351 4240 2661 4309; x_wconf 88' lang='lat' dir='ltr'><strong>paterno,</strong></span> <span class='ocrx_word' id='word_1_434' title='bbox 2708 4227 2811 4289; x_wconf 82' lang='lat' dir='ltr'><strong>vel</strong></span> <span class='ocrx_word' id='word_1_435' title='bbox 2845 4241 3080 4309; x_wconf 87' lang='lat' dir='ltr'><strong>patruo</strong></span> <span class='ocrx_word' id='word_1_436' title='bbox 3111 4224 3199 4310; x_wconf 78' lang='lat' dir='ltr'><strong>h).</strong></span> <span class='ocrx_word' id='word_1_437' title='bbox 3276 4232 3476 4295; x_wconf 75' lang='lat' dir='ltr'><strong>Caru-</strong></span> 
     </span>
    </p>
   </div>
   <div class='ocr_carea' id='block_1_8' title="bbox 399 4419 3467 4447">
    <p class='ocr_par' dir='ltr' id='par_1_9' title="bbox 399 4419 3467 4447">
     <span class='ocr_line' id='line_1_76' title="bbox 399 4419 3467 4447; baseline 0 1490"><span class='ocrx_word' id='word_1_438' title='bbox 399 4419 3467 4447; x_wconf 95' lang='lat' dir='ltr'><strong> </strong></span> 
     </span>
    </p>
   </div>
   <div class='ocr_carea' id='block_1_9' title="bbox 461 4549 1675 4626">
    <p class='ocr_par' dir='ltr' id='par_1_10' title="bbox 461 4549 1675 4626">
     <span class='ocr_line' id='line_1_77' title="bbox 461 4549 1675 4626; baseline -0.002 -18"><span class='ocrx_word' id='word_1_439' title='bbox 461 4554 524 4622; x_wconf 76' lang='lat' dir='ltr'><strong>a)</strong></span> <span class='ocrx_word' id='word_1_440' title='bbox 560 4551 723 4607; x_wconf 87' lang='lat' dir='ltr'><strong>Tom.</strong></span> <span class='ocrx_word' id='word_1_441' title='bbox 757 4549 828 4607; x_wconf 89' lang='lat'><strong>11.</strong></span> <span class='ocrx_word' id='word_1_442' title='bbox 867 4571 925 4626; x_wconf 80' lang='lat' dir='ltr'><strong>p.</strong></span> <span class='ocrx_word' id='word_1_443' title='bbox 948 4551 1073 4612; x_wconf 79' lang='lat'><strong>256.</strong></span> <span class='ocrx_word' id='word_1_444' title='bbox 1182 4550 1252 4624; x_wconf 85' lang='lat' dir='ltr'><strong>b)</strong></span> <span class='ocrx_word' id='word_1_445' title='bbox 1289 4553 1428 4626; x_wconf 66' lang='lat' dir='ltr'><strong>Peg.</strong></span> <span class='ocrx_word' id='word_1_446' title='bbox 1462 4560 1587 4614; x_wconf 81' lang='lat'><strong>252.</strong></span> <span class='ocrx_word' id='word_1_447' title='bbox 1620 4551 1675 4612; x_wconf 82' lang='lat'><strong>6&#39;.</strong></span> 
     </span>
    </p>
   </div>
   <div class='ocr_carea' id='block_1_10' title="bbox 1790 4531 2454 4616">
    <p class='ocr_par' dir='ltr' id='par_1_11' title="bbox 1790 4531 2454 4616">
     <span class='ocr_line' id='line_1_78' title="bbox 1790 4531 2454 4616; baseline -0.005 -12"><span class='ocrx_word' id='word_1_448' title='bbox 1790 4551 1848 4616; x_wconf 88' lang='lat' dir='ltr'><strong>e)</strong></span> <span class='ocrx_word' id='word_1_449' title='bbox 1886 4546 1951 4603; x_wconf 87' lang='lat' dir='ltr'><strong>L.</strong></span> <span class='ocrx_word' id='word_1_450' title='bbox 1982 4545 2027 4602; x_wconf 86' lang='lat'><strong>1.</strong></span> <span class='ocrx_word' id='word_1_451' title='bbox 2058 4544 2167 4601; x_wconf 79' lang='lat' dir='ltr'><strong>sub</strong></span> <span class='ocrx_word' id='word_1_452' title='bbox 2199 4531 2454 4602; x_wconf 80' lang='lat' dir='ltr'><strong>Trebon.</strong></span> 
     </span>
    </p>
   </div>
   <div class='ocr_carea' id='block_1_11' title="bbox 2569 4546 3457 4628">
    <p class='ocr_par' dir='ltr' id='par_1_12' title="bbox 2569 4546 3457 4628">
     <span class='ocr_line' id='line_1_79' title="bbox 2569 4546 3457 4628; baseline 0.011 -25"><span class='ocrx_word' id='word_1_453' title='bbox 2569 4546 2637 4619; x_wconf 87' lang='lat' dir='ltr'><strong>d)</strong></span> <span class='ocrx_word' id='word_1_454' title='bbox 2677 4549 2737 4604; x_wconf 89' lang='lat' dir='ltr'><strong>iu</strong></span> <span class='ocrx_word' id='word_1_455' title='bbox 2760 4549 2945 4624; x_wconf 82' lang='lat' dir='ltr'><strong>praef.</strong></span> <span class='ocrx_word' id='word_1_456' title='bbox 2976 4548 3054 4607; x_wconf 76' lang='lat' dir='ltr'><strong>ad</strong></span> <span class='ocrx_word' id='word_1_457' title='bbox 3070 4551 3233 4607; x_wconf 83' lang='lat' dir='ltr'><strong>Tom.</strong></span> <span class='ocrx_word' id='word_1_458' title='bbox 3259 4552 3302 4609; x_wconf 92' lang='lat'><strong>1.</strong></span> <span class='ocrx_word' id='word_1_459' title='bbox 3321 4574 3381 4628; x_wconf 89' lang='lat' dir='ltr'><strong>p.</strong></span> <span class='ocrx_word' id='word_1_460' title='bbox 3404 4565 3457 4618; x_wconf 85' lang='lat'><strong>5.</strong></span> 
     </span>
    </p>
   </div>
   <div class='ocr_carea' id='block_1_12' title="bbox 308 4607 3386 4716">
    <p class='ocr_par' dir='ltr' id='par_1_13' title="bbox 308 4607 3386 4716">
     <span class='ocr_line' id='line_1_80' title="bbox 308 4607 3386 4716; baseline 0.001 -20"><span class='ocrx_word' id='word_1_461' title='bbox 308 4607 311 4608; x_wconf 16' lang='lat'><em>⁷</em></span> <span class='ocrx_word' id='word_1_462' title='bbox 395 4643 452 4713; x_wconf 86' lang='lat' dir='ltr'><strong>e)</strong></span> <span class='ocrx_word' id='word_1_463' title='bbox 492 4639 528 4697; x_wconf 93' lang='lat' dir='ltr'><strong>l.</strong></span> <span class='ocrx_word' id='word_1_464' title='bbox 571 4660 619 4698; x_wconf 87' lang='lat' dir='ltr'><strong>c.</strong></span> <span class='ocrx_word' id='word_1_465' title='bbox 732 4639 785 4713; x_wconf 64' lang='lat' dir='ltr'><strong>i]</strong></span> <span class='ocrx_word' id='word_1_466' title='bbox 828 4637 1005 4696; x_wconf 88' lang='lat' dir='ltr'><strong>Goth.</strong></span> <span class='ocrx_word' id='word_1_467' title='bbox 1045 4658 1201 4696; x_wconf 90' lang='lat' dir='ltr'><strong>uum.</strong></span> <span class='ocrx_word' id='word_1_468' title='bbox 1235 4660 1296 4716; x_wconf 86' lang='lat' dir='ltr'><strong>p.</strong></span> <span class='ocrx_word' id='word_1_469' title='bbox 1326 4647 1453 4714; x_wconf 80' lang='lat'><strong>429.</strong></span> <span class='ocrx_word' id='word_1_470' title='bbox 1563 4641 1627 4716; x_wconf 80' lang='lat' dir='ltr'><strong>g)</strong></span> <span class='ocrx_word' id='word_1_471' title='bbox 1657 4634 1978 4715; x_wconf 76' lang='lat' dir='ltr'><strong>Capitolia.</strong></span> <span class='ocrx_word' id='word_1_472' title='bbox 2011 4633 2293 4696; x_wconf 72' lang='lat' dir='ltr'><strong>iuAu&#39;rel.</strong></span> <span class='ocrx_word' id='word_1_473' title='bbox 2323 4654 2376 4694; x_wconf 81' lang='lat' dir='ltr'><strong>e.</strong></span> <span class='ocrx_word' id='word_1_474' title='bbox 2401 4649 2452 4694; x_wconf 65' lang='grc' dir='ltr'><strong>ε.</strong></span> <span class='ocrx_word' id='word_1_475' title='bbox 2562 4633 2632 4709; x_wconf 76' lang='lat' dir='ltr'><strong>h)</strong></span> <span class='ocrx_word' id='word_1_476' title='bbox 2674 4636 2968 4714; x_wconf 84' lang='lat' dir='ltr'><strong>Spartiau.</strong></span> <span class='ocrx_word' id='word_1_477' title='bbox 3005 4639 3065 4697; x_wconf 90' lang='lat' dir='ltr'><strong>iu</strong></span> <span class='ocrx_word' id='word_1_478' title='bbox 3085 4639 3233 4699; x_wconf 78' lang='lat' dir='ltr'><strong>Geta</strong></span> <span class='ocrx_word' id='word_1_479' title='bbox 3266 4654 3386 4703; x_wconf 65' lang='grc' dir='ltr'><strong>αἳ.</strong></span> 
     </span>
    </p>
   </div>
  </div>
 </body>
</html>
