4652 5937
1623 403 2314 500 coMMonvs

323 596 416 648 et
539 584 830 672 quidem
906 586 1264 650 secundum
1340 587 1628 652 'Dionem
1716 608 1887 653 anno

311 692 427 759 V.
479 694 582 758 C.
627 695 753 759 718
784 690 879 772 ⁸),
924 689 1122 774 idque
1172 688 1255 751 de
1302 708 1373 752 se
1413 689 1555 774 ipse
1612 679 1889 753 t'estatur

315 792 407 856 in
454 812 827 857 marmore
875 793 1220 870 Ancyrano
1249 787 1355 869 b):
1422 794 1890 860 TEMPLVM-

319 893 597 991 QVE.
637 891 1130 959 APOLLINIS.
1193 892 1302 957 IN.
1324 893 1711 957 PALATIO
1746 927 1774 941 ·
1803 927 1830 942 ·
1859 926 1890 942 -

322 998 624 1061 FECI.
676 996 958 1059 Palatini
1012 994 1205 1076 hujus
1237 996 1561 1079 Apollinis
1609 994 1885 1058 subinde

324 1098 689 1161 honores
746 1118 1020 1160 crevere
1070 1099 1247 1160 victo
1305 1095 1389 1159 ad
1434 1097 1696 1182 Actium
1729 1143 1747 1174 ,
1819 1112 1887 1160 et

329 1200 564 1282 juxta
631 1199 955 1283 Apollinis
1005 1199 1180 1262 Actii
1232 1201 1549 1282 templum
1578 1199 1886 1261 AntoniO.

330 1302 659 1363 Nasone
705 1320 966 1384 quoque
1029 1302 1191 1364 tanti
1242 1302 1514 1386 gratiam
1579 1298 1886 1364 beneficii

337 1402 518 1483 ejus
542 1400 667 1464 dei
701 1403 1109 1486 praesentiae
1144 1395 1477 1487 acceptam
1495 1402 1752 1467 ferente
1790 1407 1884 1487 0)=

397 1609 647 1669 Visite
681 1609 1001 1686 lauriqero
1032 1620 1292 1669 sacrata
1323 1610 1586 1669 Palatia
1613 1591 1894 1671 Phoebo.-

443 1711 603 1771 Ille
626 1712 1053 1772 Paraetonias
1080 1713 1301 1771 mersit
1331 1714 1403 1771 in
1435 1712 1574 1771 alta
1605 1721 1800 1772 rates.

345 1912 576 1975 Dixit
622 1916 1049 1973 Paraetonias
1091 1932 1215 1995 pro
1249 1913 1637 1995 Aegyptias,
1695 1935 1731 1975 a
1768 1916 1889 1977 Pa-

352 2015 696 2077 raetonio
723 2014 1152 2075 Marmaricae
1187 2014 1462 2096 oppido,
1509 2034 1675 2097 quac
1699 2016 1887 2098 regio

356 2115 969 2204 Aegyptojaddita
1020 2116 1407 2199 Cleopatrae
1467 2116 1706 2198 paruit.
1778 2120 1891 2178 At-

363 2239 514 2303 que
575 2220 985 2296 haeccausa
1035 2232 1171 2293 est,
1236 2236 1355 2279 cur
1400 2217 1634 2278 eodem
1684 2218 1887 2294 cultu,

368 2321 711 2381 nimirum
747 2319 1011 2381 indutus
1048 2319 1253 2392 stola,
1300 2333 1676 2400 compareat
1697 2321 1895 2402 Apol-

370 2423 447 2482 lo
484 2423 874 2496 Palatinus,
937 2440 1066 2503 quo
1103 2419 1327 2481 Actius
1372 2419 1436 2481 in
1469 2421 1752 2504 copiosis
1779 2442 1898 2482 nu-

375 2523 514 2584 mis
554 2522 877 2605 Augusti,
943 2541 1221 2605 quorum
1272 2522 1538 2581 memini
1599 2522 1665 2581 in
1701 2522 1894 2604 hujus

375 2638 668 2685 moneta
715 2622 796 2685 ad
856 2644 1093 2684 annum
1120 2624 1200 2689 V.
1235 2624 1306 2684 G.
1340 2620 1505 2702 733,
1566 2636 1630 2684 et
1679 2624 1893 2707 gentis

381 2725 766 2798 Antistiae,
830 2737 999 2807 quae
1047 2722 1351 2784 denarios
1398 2722 1575 2785 dedit
1620 2724 1894 2808 inscrip-

385 2842 542 2889 tos:
616 2822 1062 2888 APOLLINI.
1112 2822 1404 2890 ACTIO.
1449 2825 1521 2885 In
1568 2847 1893 2887 marmore

385 2926 756 2990 Muratorii
817 2925 1122 3009 proditur
1179 2924 1667 2989 SACERDOS.
1716 2927 1898 2988 ΒΙΑ-

385 3032 604 3091 NAE.
648 3028 939 3096 VICTR.
1003 3029 1147 3087 ET.
1208 3028 1695 3092 APOLLINIS.
1758 3029 1902 3088 PA-

391 3133 691 3192 LATi-m·
756 3125 850 3207 d).‘
945 3128 1244 3189 Zosimus
1328 3147 1589 3212 quoque
1657 3130 1898 3213 ‹memi-

391 3231 499 3294 nit
558 3230 741 3293 aedis
802 3230 1135 3291 Palatinae
1195 3228 1520 3312 Apollinis
1552 3230 1646 3310 Β),
1726 3251 1897 3294 eam·

400 3353 535 3416 que
603 3333 965 3415 imperante
1018 3323 1270 3391 Iuliano
1331 3344 1620 3413 apostata
1676 3332 1898 3394 incen-

401 3433 519 3495 dio
573 3434 867 3496 haustam
910 3429 1431 3514 periclitantibus
1474 3432 1632 3515 ipsis
1668 3433 1901 3495 carmi-

400 3536 605 3596 nibus
644 3534 949 3597 Cumanis
979 3532 1286 3618 perhibet
1320 3534 1699 3597 Ammianus
1732 3537 1904 3597 Mar·

405 3636 694 3700 cellinus
737 3632 810 3716 s).

976 3883 1015 3922 ἦ
1142 3837 1181 3876 *
1304 3882 1345 3921 θ’

699 3946 943 4005 Amica
971 3944 1180 4004 varia.

357 4066 377 4095 ⁶
409 4047 681 4110 HERC.
726 4044 1008 4107 COMM.
1055 4042 1203 4105 vel:
1266 4040 1900 4107 COMMODIANO.

414 4152 489 4211 P.
530 4153 626 4211 M.
659 4149 797 4208 ΤΒ.
842 4147 921 4206 Ρ.
953 4143 1125 4210 XVI.
1181 4140 1370 4205 COS.
1408 4144 1520 4209 VI.
1600 4149 1906 4208 Hercules

413 4253 780 4313 seminudus
808 4258 991 4308 stans
1019 4255 1170 4306 ante
1199 4264 1390 4306 aram*
1416 4248 1477 4305 d.
1501 4257 1814 4324 pateram,
1852 4268 1903 4306 s.

414 4343 838 4430 cornucopiae
855 4392 872 4424 ‚
901 4353 1111 4425 jaecxta
1158 4348 1379 4420 arbor,
1424 4367 1507 4408 ez·
1539 4369 1665 4430 qua
1679 4376 1686 4383 *⁴
1700 4350 1905 4410 leonis

531 4597 594 4666 a)
634 4592 699 4651 L.
726 4593 934 4652 XLIX.
976 4598 1025 4667 ᾗ.
1056 4605 1143 4659 15.

424 4686 480 4753 e)
517 4685 583 4743 L.
611 4684 685 4742 11.
725 4683 851 4741 sub.
889 4682 1014 4743 init.

1289 4591 1362 4666 h)
1398 4592 1545 4653 Tab.
1576 4591 1675 4652 IV.
1714 4605 1838 4652 ml.

1160 4684 1212 4753 ί)
1250 4683 1321 4743 L.
1350 4682 1538 4741 XXII.

3352 432 3490 502 125

2001 590 2281 650 exuviae
2303 592 2627 665 pendent.»
2646 589 2780 656 AV.
2822 592 3081 674 (Vaill.)
3135 599 3272 661 ΑΕ.
3324 622 3493 667 max.

2002 689 2178 753 mod.
2258 690 2461 771 (Mus.
2513 690 2801 774 Albani.)
2863 700 3210 764 AE.1.11.
3293 704 3493 784 (Mus.

2004 790 2223 871 Caes.)

2129 893 2231 954 Eo
2251 891 2536 981 denique
2554 898 2839 965 insaniae
2859 901 3163 986 delapsus
3180 917 3278 967 est
3301 906 3494 968 Com-

2001 990 2270 1071 modus,
2332 1009 2405 1058 ut
2453 1022 2586 1062 non
2638 1003 2836 1066 modo
2873 1004 3067 1067 deum
3114 1026 3259 1068 sese
3293 998 3492 1090 pross-

2002 1103 2256 1156 teretur
2288 1099 2589 1179 publice,
2636 1125 2801 1187 quae
2845 1106 3110 1188 quidem
3161 1106 3490 1172 dementia

1999 1197 2352 1258 nonnullos
2382 1201 2574 1278 etiam
2612 1206 3021 1287 superiorum
3045 1208 3491 1290 Augustorum

2002 1298 2381 1380 occupavit,
2470 1303 2586 1363 sed
2664 1305 2915 1385 abjecta
2997 1310 3187 1370 etiam
3247 1313 3490 1384 laurea,

1999 1411 2186 1459 sueto
2223 1397 2537 1464 hactenus
2587 1405 3057 1488 imperatorum
3108 1412 3489 1491 gestamine,

2000 1512 2192 1581 caput
2241 1521 2431 1561 suum
2477 1503 2585 1565 dei
2637 1507 2819 1568 cultu
2875 1523 3174 1572 ornatum
3231 1512 3295 1573 in
3352 1533 3490 1575 mo-

1999 1613 2148 1661 neta
2185 1600 2449 1682 publica
2470 1607 2967 1687 proponendum
3013 1611 3292 1674 curaret.
3330 1615 3486 1677 Fuit

1998 1701 2173 1763 istud
2226 1700 2542 1767 hactenus
2594 1709 2858 1771 vanitati
2896 1709 3188 1776 Graecae
3220 1716 3494 1797 permis-

2000 1824 2182 1879 sum,
2229 1825 2395 1887 quae
2428 1825 2624 1891 reges
2663 1829 2815 1870 suos
2848 1812 3039 1873 variis
3077 1813 3200 1875 diis
3238 1816 3496 1878 adsimi-

2001 1905 2200 1981 lavit,
2251 1920 2445 1990 atque
2500 1908 2691 1970 etiam
2731 1913 3103 1994 Augustos,
3156 1915 3339 1995 cujus
3396 1920 3493 1980 lu·

2005 2007 2264 2068 culenta
2313 2011 2612 2091 exempla
2661 2011 2726 2070 in
2761 2014 2975 2073 numis
3002 2018 3283 2092 Neronis
3317 2041 3493 2081 com-

2006 2108 2193 2168 matis
2212 2111 2551 2192 peregrini
2590 2109 2901 2192 vidimus3
2941 2135 3167 2188 verum
3203 2118 3281 2179 ab
3318 2123 3491 2203 turpi

2007 2209 2129 2271 bac
2169 2210 2541 2272 adulatione
2601 2212 2905 2274 immunis
2958 2216 3024 2277 in
3095 2217 3267 2282 hunc
3317 2219 3491 2282 diem

2006 2309 2132 2371 suit
2162 2325 2419 2372 moneta
2454 2315 2933 2391 Romanorum,
2982 2331 3174 2401 atque
3214 2319 3336 2381 etsi
3381 2323 3498 2383 hu-

2006 2410 2110 2493 jus
2146 2425 2366 2493 partes
2411 2433 2677 2475 aversae
2724 2436 3187 2501 nonnunquam
3222 2422 3499 2505 impera·

2009 2526 2224 2573 torem
2262 2511 2369 2573 dei
2402 2512 2625 2574 habitu
2673 2517 2980 2591 vestiant,
3047 2519 3220 2583 istud
3278 2536 3498 2586 tamen

2008 2612 2252 2674 sactum
2306 2614 2755 2689 reverentius,
2805 2632 2870 2678 et
2916 2622 3236 2683 nonnullo
3286 2625 3499 2691 adhuc

2008 2714 2307 2797 pudore3
2370 2734 2518 2775 nam
2573 2717 3009 2799 appellatione
3053 2722 3160 2782 dei
3203 2741 3502 2789 constan—

2015 2827 2116 2876 ter
2146 2801 2456 2877 abstinuit
2501 2815 2860 2901 epigraphe
2883 2863 2901 2894 ,
2948 2822 3245 2909 nihilque
3278 2826 3347 2888 in
3366 2829 3503 2890 cul·

2011 2927 2083 2978 tu
2118 2916 2349 2999 capitis
2377 2916 2819 2994 immutatum,
2866 2925 3043 3006 quod
3094 2926 3499 3010 majestatem

2013 3010 2701 3100 imperiiffidedeceret.
2772 3025 2954 3086 Haec
3013 3026 3275 3091 demum
3328 3032 3507 3094 clau-

2013 3134 2146 3181 stra
2192 3119 2517 3205 perfregit
2550 3122 2894 3185 Commodi
2928 3124 3368 3210 impudentia,
3416 3150 3510 3196 at·
3584 3208 3587 3210 ‚

2015 3242 2143 3305 que
2186 3220 2341 3283 inde
2392 3222 2472 3283 ab
2529 3221 2656 3283 hoc
2708 3245 2876 3285 anno
2944 3247 3151 3311 usque
3204 3232 3286 3293 ad
3335 3235 3506 3297 vitae

2015 3323 2261 3384 exitum
2309 3343 2657 3383 numorum
2702 3323 2843 3404 ejus
2879 3338 2944 3387 et
2991 3331 3387 3416 epigraphe,
3439 3351 3508 3398 et

2007 3427 2151 3508 typi
2208 3436 2622 3508 praesentem
2690 3421 2886 3485 deum
2952 3431 3349 3515 loquuntur,
3410 3436 3525 3497 ni-'

2017 3527 2259 3587 mirum
2319 3522 2866 3610 quemadmodum
2934 3547 3002 3595 et
3091 3535 3306 3596 omnia
3367 3537 3503 3610 illa,

2017 3647 2183 3713 quae
2221 3629 2534 3713 turpiter,
2594 3642 2773 3714 quae·
2806 3632 3101 3716 impure,
3164 3656 3329 3720 quae
3367 3659 3513 3701 cru·

1909 3772 1922 3805 f
2018 3727 2295 3806 deliter,
2343 3751 2509 3813 quae
2548 3731 2975 3813 gladiatorie,
3023 3740 3512 3820 quaelenonice

2016 3828 2308 3904 fecerat,
2374 3831 2534 3893 actis
2562 3833 2741 3895 urbis
2776 3835 2975 3896 incidi
3005 3838 3224 3916 jussit,
3287 3853 3359 3900 ut
3412 3843 3512 3903 ait

1977 3931 2435 4015 ,Lampridius
2467 3944 2548 4012 8).
2630 3936 2794 3996 Cum
2831 3934 3150 4020 adrogare
3202 3939 3325 4019 sibi
3364 3961 3515 4025 pos-

2021 4046 2152 4108 set,
2216 4051 2383 4115 quae
2433 4035 2673 4109 vellet,
2721 4037 3047 4100 Hercules
3082 4059 3225 4100 esse
3260 4043 3510 4119 maluit,

2020 4135 2326 4219 quoniam
2372 4157 2496 4220 per
2550 4136 2924 4199 belluarum
2986 4139 3257 4202 caedem
3319 4142 3511 4226 hujus

2023 4239 2522 4303 sesevirtutem
2593 4239 2893 4321 proxime
2959 4259 3270 4323 aequasse
3325 4246 3511 4309 credi

2017 4339 2247 4404 voluit.
2319 4343 2513 4404 Hunc
2581 4341 2739 4402 olim
2804 4340 3119 4417 hominis,
3183 4357 3249 4406 at
3310 4347 3508 4410 modo

1988 4594 2048 4663 c)
2090 4592 2213 4647 Art.
2244 4596 2414 4645 amat.
2453 4585 2517 4643 L.
2532 4584 2631 4645 111.
2664 4605 2725 4643 π’.
2753 4595 2877 4658 389.
3031 4585 3100 4659 d)
3135 4546 3505 4667 Ρᾳέ.ιιι9.1.

1682 4683 1934 4760 g).Cap.
1972 4695 2057 4745 15.
