4652 5937
1315 399 1470 473 40²4

1317 566 1520 649 cortis
1549 561 1920 648 legionibus
1950 561 2018 638 in
2052 561 2331 638 aliorum
2361 562 2808 645 Augustorum

1314 667 1531 730 numis
1569 666 1762 727 etiam
1800 679 1983 726 extra
2032 662 2261 725 urbem
2301 662 2571 745 signatis
2606 662 2808 724 tribui

1313 749 1648 842 videmus,
1695 788 1843 829 cum
1873 766 1990 841 iis,
2038 785 2200 849 quos
2239 780 2619 848 praesentes
2656 765 2806 826 Gal-

1310 867 1475 930 lieni
1505 865 1805 952 legiones
1837 867 2241 951 praeferunt,
2286 865 2635 928 commode
2653 885 2809 927 con-

1311 968 1588 1050 spirare.
1680 970 1788 1032 Sic
1838 970 1901 1029 in
1957 969 2168 1029 numis
2199 967 2545 1033 Viminacii
2599 966 2807 1048 legio-

1307 1071 1376 1131 ni
1411 1071 1554 1135 vn.
1578 1070 1884 1132 tribuitur
1916 1083 2136 1130 taurus
2158 1116 2175 1140 ,
2221 1069 2470 1149 legioni
2505 1071 2643 1128 1111.
2670 1070 2801 1143 leo,

1307 1171 1585 1254 perinde
1615 1187 1806 1256 atque
1858 1173 1922 1231 in
1955 1170 2055 1231 his
2089 1170 2374 1232 Gallieni
2413 1170 2645 1231 numis.
2728 1171 2800 1229 ln

1305 1271 1522 1333 numis
1580 1275 1821 1335 Daciae
1876 1272 2123 1355 legioni
2171 1273 2250 1336 V.
2306 1272 2515 1333 adstat
2563 1268 2799 1355 aquila,

1304 1370 1558 1455 legioni
1607 1373 1778 1435 xm.
1834 1375 1977 1448 leo;
2041 1375 2106 1433 in
2150 1372 2601 1455 praesentibus
2653 1372 2806 1448 Gal-

1301 1474 1467 1537 lieni
1515 1476 1847 1559 legionem
1898 1478 1978 1541 V.
2031 1476 2245 1558 aquila
2301 1494 2450 1536 cum
2506 1473 2800 1539 Victoria

1304 1576 1727 1638 comitantur.
1773 1580 1844 1635 ln
1887 1597 2084 1636 numo
2106 1575 2429 1642 Victorini
2454 1575 2633 1657 legio
2653 1577 2795 1636 1111.

1301 1665 1503 1738 habet
1572 1675 1737 1737 duos
1797 1677 2061 1751 leones,
2139 1675 2368 1737 eadem
2427 1677 2495 1736 in
2555 1677 2798 1739 Gallie-

1299 1776 1497 1838 niano
1541 1777 1804 1840 leonem
1854 1799 2089 1854 unum,
2138 1779 2315 1861 legio
2361 1779 2441 1839 X.
2486 1779 2794 1863 utrinque

1299 1890 1581 1944 taurum.
1671 1882 1746 1940 In
1801 1880 2016 1941 numis
2075 1870 2381 1940 Carausii'
2422 1880 2601 1963 legio
2651 1881 2792 1940 1111.

1288 1980 1461 2042 item
1504 1981 1807 2057 leonem,
1864 1982 2004 2047 Vn.
2066 1994 2341 2042 taurum.
2433 1985 2681 2044 Tamen
2724 1982 2794 2043 in

1224 2083 1228 2087 ’
1297 2074 1444 2146 aliis
1493 2084 1629 2168 typi
1667 2084 2005 2147 dissident.
2112 2083 2324 2167 Legio
2360 2082 2502 2142 XX.
2527 2084 2793 2149 Valeria

1297 2186 1559 2250 Victrix
1607 2207 1839 2269 aprum
1888 2184 2085 2247 offert
2128 2204 2262 2247 non
2320 2184 2521 2246 modo
2565 2185 2630 2246 in
2677 2208 2794 2247 nu-

1297 2311 1407 2353 mo
1475 2288 1806 2361 carausii,
1868 2271 2112 2347 sed⁸et
2167 2285 2235 2345 in
2297 2285 2519 2349 tabula
2562 2307 2786 2364 aenea,

1294 2389 1713 2475 quaminter
1763 2396 2126 2471 postremas
2176 2387 2384 2449 edidit
2417 2391 2790 2450 Buonarro-

1293 2492 1421 2555 tius
1469 2495 1561 2570 ⁸),
1624 2505 1686 2554 at
1750 2492 1816 2551 in
1865 2510 2064 2552 numo
2117 2487 2402 2551 Gallieni
2461 2490 2791 2571 capricor-
2833 2516 2848 2529 ·

1291 2582 1483 2670 num,
1546 2595 1602 2656 si
1647 2593 1841 2654 modo
1891 2614 2023 2653 non
2088 2591 2335 2655 fefellit
2372 2591 2786 2668 Vaillantius,

1291 2700 1402 2781 qui
1450 2718 1615 2760 unus
1651 2696 1826 2757 hunc
1859 2715 2125 2756 numum
2171 2693 2483 2775 vulgavit.
2571 2693 2783 2775 Legio
2816 2746 2824 2756 .

1290 2801 1502 2862 XXX.
1549 2799 1615 2858 in
1660 2816 1858 2857 numo
1905 2792 2198 2856 Carausii
2258 2793 2384 2854 sibi
2426 2792 2639 2874 junxit
2682 2795 2781 2855 Io·

1290 2918 1491 2973 νεα),-
1524 2898 1590 2958 in
1632 2916 1832 2956 numo
1879 2894 2166 2982 Gallieni
2208 2897 2623 2978 Neptunum3
2687 2895 2783 2957 le-

1243 3001 1402 3085 .gio
1447 2999 1560 3061 XI.
1601 2997 1869 3059 Claudia
1937 2996 2006 3055 in
2065 3014 2321 3077 gemma
2377 2994 2570 3057 altius
2630 3017 2783 3080 pro·

1285 3100 1483 3163 ducta
1543 3099 1760 3182 lupam
1836 3118 1986 3161 eum
2061 3097 2369 3182 geminis,
2447 3097 2514 3158 in
2579 3119 2779 3161 numo

1287 3202 1574 3294 Gallieni
1612 3204 2011 3284 Neptunum.
2059 3198 2258 3283 Cujus
2287 3198 2541 3260 dissidii
2585 3201 2777 3262 aliam

1286 3325 1549 3368 causam
1580 3325 1710 3366 non
1746 3317 1943 3386 puto,
1988 3301 2114 3364 nisi
2149 3300 2325 3386 quod
2360 3301 2605 3384 placuit
2644 3322 2780 3363 mo-

1286 3407 1591 3481 netariis,
1635 3407 1762 3488 jam
1804 3404 2036 3487 hujus,
2079 3404 2210 3486 jam
2240 3404 2511 3470 alterius
2544 3403 2781 3466 cohor·

1283 3507 1372 3569 tis
1429 3507 1779 3593 imaginem
1838 3504 2090 3591 legioni
2148 3505 2439 3580 sociare,
2499 3505 2777 3587 perinde

1285 3629 1360 3672 ac
1403 3611 1663 3692 paullo
1697 3608 1891 3671 altius
1950 3607 2273 3679 variantes
2343 3605 2410 3665 in
2470 3606 2776 3669 Gallieno

1280 3711 1604 3800 imagines
1637 3707 2129 3795 explicavimus.

2412 411 2414 416 ·
2516 318 3237 452 GALLIENVS.

2923 562 3000 623 P.
3041 562 3123 627 V.
3165 558 3243 623 F.
3274 557 3502 651 ,Hujus
3532 558 3910 623 formulae
3940 556 4137 621 ratio
4162 559 4413 642 nondum¹

2921 661 3104 747 quod
3164 662 3403 735 sciam,
3477 662 3844 758 expeQitn.
3965 662 4186 757 Quam
4254 663 4414 727 adfert

2922 762 3311 831 Vaillantius
3358 760 3455 843 1Φ),
3530 762 3722 825 haud
3779 761 4011 825 dubie
4067 761 4249 825 fallit.
4319 766 4410 843 Ait¹
4495 753 4496 756 Ἴ

2920 885 3328 928 cusosanno
3387 865 3653 947 imperii
3706 866 3889 940 v1.‚
3960 883 4121 927 cum
4174 867 4413 950 legiones

2920 966 3219 1050 quolibet
3267 985 3436 1028 anno
3486 964 3643 1029 fidei
3704 980 4227 1030 sacramentum
4268 988 4412 1031 reuo-

2921 1081 3181 1142 vatent,
3225 1067 3385 1129 alias
3434 1087 3593 1129 vero
3643 1067 3891 1132 dictas
3949 1090 4107 1133 esse
4144 1071 4277 1137 Vll.
4313 1069 4411 1152 pin

2918 1181 2985 1227 et
3032 1165 3302 1241 fideles,
3359 1167 3536 1252 quod
3590 1172 3800 1232 numi
3876 1173 4015 1235 hac
4074 1184 4226 1233 nota
4270 1191 4408 1253 prae·

2918 1269 3035 1329 diti
3072 1291 3240 1331 anno
3282 1272 3421 1335 Vll.
3456 1273 3701 1357 signati
3739 1286 4025 1337 essent.
4118 1273 4231 1334 Sin
4261 1271 4406 1350 istud,

2918 1370 3154 1431 mirum
3213 1371 3551 1449 videatur,
3614 1373 3742 1435 has
3800 1375 4134 1461 legiones
4181 1394 4404 1437 noneo-

2916 1491 3189 1534 currere
3226 1475 3423 1536 etiam
3460 1476 3529 1535 in
3561 1490 3853 1537 moneta
3876 1475 4258 1548 Valeriani,
4296 1493 4401 1537 cun

2913 1594 3044 1657 quo
3079 1572 3417 1637 Gallienus
3478 1595 3608 1637 non
3654 1576 3883 1640 modo
3934 1599 4188 1640 annum
4228 1577 4323 1644 VI.
4351 1587 4401 1637 et

2910 1676 3060 1742 vll.
3091 1677 3348 1759 exegit,
3391 1675 3512 1778 sed
3549 1679 4044 1741 verisimiliter
4089 1678 4277 1742 etiam
4302 1696 4397 1737 ma·

2905 1776 3118 1859 jurem
3156 1762 3406 1860 parteni
3443 1780 3595 1841 anni
3612 1781 3800 1847 vlu.
3824 1826 3859 1866 ‚k
3895 1780 4261 1865 praecipue
4286 1795 4394 1839 cun

2908 1891 3188 1961 uterque
3222 1880 3617 1961 imperator,
3663 1873 4016 1967 quamdiu
4064 1902 4193 1943 nna
4231 1876 4389 1953 fuere,

2909 1980 3219 2063 spectatis
3279 1981 3449 2064 typis
3512 2002 3963 2046 communem
4025 1983 4176 2046 fere
4216 1997 4388 2042 mone·

2907 2093 3038 2143 tam
3094 2079 3463 2164 habuerint.
3552 2085 3962 2148 Sententiae
4010 2084 4214 2159 aliae,
4265 2098 4381 2165 quas

2904 2184 3342 2267 propinavere
3365 2171 3740 2248 Hard'uinus
3775 2191 3837 2267 ⁸)
3855 2232 3877 2263 ‚
3933 2201 4008 2249 et
4028 2185 4299 2248 Liebeus
4322 2178 4380 2256 ἃ),

2904 2297 3034 2346 tam
3096 2286 3402 2348 videntur
3462 2287 3802 2364 infirmae,
3896 2301 3977 2353 ut
4054 2308 4142 2350 ne
4198 2284 4375 2367 dignas

2902 2385 3167 2471 quidem
3211 2401 3472 2471 putem,
3536 2407 3702 2471 quae
3737 2377 4258 2462 „memorentun
4324 2378 4375 2442 Si

2902 2487 3047 2570 quis
3091 2490 3281 2558 volett
3315 2491 3684 2572 conjicere,
3741 2496 4003 2553 n'umos
4048 2488 4280 2551 similes
4312 2481 4371 2543 si·

2899 2604 3134 2672 gnatos
3177 2603 3424 2652 tantum
3471 2591 3672 2653 fuisse
3714 2611 3800 2655 eo
3866 2575 4226 2675 tempore,
4273 2601 4369 2668 quo

2899 2690 3136 2775 signati
3172 2708 3318 2753 sunt
3353 2694 3568 2768 numi,
3615 2695 3931 2779 inscripti
3962 2686 4359 2761 VICTORIA-

2896 2792 3101 2857 Avo.
3133 2794 3244 2858 VI.
3290 2807 3354 2854 et
3387 2794 3558 2868 V11.‚
3604 2797 3866 2879 opinari
3900 2793 4159 2880 poterit
4192 2788 4365 2856 etiam,

2891 2912 2980 2955 ex
3034 2892 3162 2956 hoc
3231 2892 3655 2957 victoriarum
3734 2917 4034 2959 numero
4111 2891 4360 2974 legiones

2896 2993 3104 3058 dictas
3152 3010 3399 3060 sextum
3445 3004 3552 3062 vel
3594 3003 3938 3087 septimum
3972 3001 4132 3078 pias
4166 2993 4359 3070 fidele&

2830 3102 2849 3120 ⁸
2894 3116 3177 3181 eumque
3258 3100 3595 3163 honorem.
3656 3101 4027 3184 captandae
4103 3087 4354 3157 militaris

2896 3199 3145 3282 gratiae
3206 3218 3399 3264 causa
3458 3205 3541 3265 ad
3617 3205 3924 3286 legiones
4002 3217 4225 3263 omnes
4276 3208 4358 3251 ex·

2893 3312 3188 3374 tentum,
3254 3304 3446 3365 etiam
3489 3324 3675 3387 ,quae
3735 3303 3922 3366 bello
4001 3321 4134 3363 non
4195 3295 4353 3355 inter·

2892 3398 3107 3463 fuere.
3154 3402 3354 3496 Quod
3383 3404 3437 3465 si
3472 3405 3701 3466 similis
3736 3401 4118 3488 argumenti
4160 3408 4355 3458 numos

2891 3501 3250 3585 placuisset
3307 3505 3414 3568 vel
3455 3518 3641 3582 ante,
3703 3509 3804 3568 vel
3856 3517 4010 3590 post
4057 3503 4179 3562 hoc
4220 3509 4348 3555 tem·
4408 3491 4418 3503 ‘

2889 3627 3013 3687 pus
3043 3605 3342 3688 signare,
3388 3605 3781 3668 haberemus
3817 3607 3999 3669 forte
4047 3602 4233 3664 etiam
4260 3611 4351 3653 nu·

2875 3730 3064 3785 mos,
3129 3708 3242 3792 qui
3301 3708 3600 3792 legiones
3660 3702 4342 3773 111.1111.V111.etc

1409 3812 1720 3874 Additum
1776 3811 1843 3872 in
1898 3810 1998 3871 his
2056 3807 2342 3871 Gallieni
2394 3807 2610 3871 numis
2660 3809 2774 3876 VI.
2876 3815 3035 3893 pias
3060 3813 3281 3892 fideles
3310 3809 3786 3894 praedicarent,
3866 3815 4146 3870 Tantum
4189 3799 4247 3859 in
4283 3807 4343 3852 re

1280 3917 1498 3982 P.v1.
1543 3911 1621 3977 F.
1665 3914 1802 4000 legi
1857 3913 2029 3974 solet
2081 3910 2162 3973 ab
2206 3908 2587 3993 antiquariis
2631 3931 2775 3972 sex·

1279 4029 1411 4083 tum
1431 4020 1573 4098 pia,
1609 4016 2104 4097 contempnmus,
2140 4026 2206 4074 et
2231 4016 2581 4090 septimum,
2620 4029 2772 4073 cum

1123 4078 1125 4086 y
1162 4112 1168 4118 ⁸
1280 4118 1594 4184 scribitur
1628 4117 1924 4185 V11.1n
1954 4115 2148 4178 unico
2183 4112 2467 4198 legionis
2506 4114 2584 4174 11.
2615 4113 2775 4175 Par-

1281 4222 1532 4298 thicae,
1596 4221 1653 4284 si
1710 4218 1874 4284 fides
1934 4218 2324 4293 Vaillantio‚
2385 4213 2634 4300 legitur
2688 4215 2771 4283 V.

2888 3909 3175 3987 incerta,
3248 3934 3397 3975 nam
3460 3911 3619 3973 alias
3682 3930 3946 3995 quoque
4000 3900 4196 3968 additi
4247 3912 4338 3954 nu·

2887 4012 3054 4073 meri
3097 4013 3358 4076 molesti
3409 4027 3594 4089 sunt,
3632 4029 3705 4076 ut
3743 4013 3808 4073 in
3846 4029 4048 4073 numo
4083 3993 4340 4069 Valem·

2883 4111 2988 4175 ni.
3080 4112 3614 4179 CONCORDIA.
3708 4116 3851 4177 1111.
3927 4097 4332 4174 EXERCIT·

2882 4192 4330 4280 velGatlieni.cONcORD1A.EXERC

1279 4403 4316 4448 md*-

1199 4552 1209 4560 “
1343 4528 1410 4603 25
1445 4542 1684 4600 Osserv.
1722 4540 1882 4599 istor.
1988 4520 1995 4529 ,
2028 4541 2099 4616 b)
2132 4531 2322 4601 Num}
2346 4553 2565 4622 praest.
2599 4542 2665 4598 Τ.
2706 4540 2777 4600 11.
2819 4561 2881 4619 p.
2919 4551 3043 4608 357.
3167 4595 3179 4622 ,
3213 4548 3276 4619 c)
3316 4545 3477 4622 Opp.
3517 4545 3642 4607 zell,
3682 4566 3742 4624 p,
3783 4558 3907 4624 849.
4074 4541 4137 4613 d)
4175 4525 4319 4592 Guth-

1272 4649 1435 4692 num·
1475 4651 1535 4710 P⁸
1576 4635 1702 4694 844.
4222 4653 4227 4660 .

1492 4760 1498 4767 ,
2891 4729 2915 4760 0
