4652 5937
1368 369 2257 464 TREBoNlAss‘vs.
2733 454 2773 490 ο,
3223 379 3386 467 305,

254 571 375 621 est
394 555 792 629 subsidium,
836 575 984 617 nam
1014 553 1211 618 facile
1246 568 1376 629 est,
1425 556 1590 618 hanc
1626 575 1778 634 sen-7.

253 659 541 722 tentiam
605 676 681 719 ex
745 656 905 741 ipsis
967 657 1162 719 etiam
1209 656 1496 718 Gallieni
1554 657 1771 717 numis

256 773 600 825 evertere.
671 758 856 821 Adeo
894 759 1068 821 enim
1107 758 1216 843 ‚illi
1261 759 1598 820 erroribus
1632 779 1771 821 mo·

257 861 676 929 netariorum
738 873 1025 935 scatent,
1095 876 1166 921 ut
1224 880 1413 943 quam
1460 859 1572 920 alii
1626 880 1770 920 sen·

262 963 543 1027 tentiam
619 961 845 1045 juvare
910 960 1249 1035 videntur,
1327 959 1440 1021 alii
1505 982 1767 1022 rursum

189 1069 195 1074 ”
255 1076 686 1148 pervertant,
732 1060 908 1146 quod
958 1062 1070 1145 qui
1118 1060 1393 1123 credere
1451 1062 1765 1140 noluerit,

258 1165 326 1226 is
370 1185 612 1249 quaeso
667 1183 749 1224 ex
802 1161 1216 1225 Mediobarbi
1275 1163 1571 1247 catalogo
1617 1165 1769 1226 Gal-

262 1267 437 1329 lieni
471 1243 706 1328 numos
735 1265 802 1325 in
838 1286 951 1327 sua
989 1284 1291 1350 quosque
1325 1278 1620 1349 tempora
1655 1263 1769 1326 tri-

264 1368 453 1431 buat.
1444 1446 1451 1449 ῃ

300 1477 307 1484 ’
403 1470 652 1536 Verum
692 1482 756 1531 et
790 1455 1102 1531 adversae
1133 1467 1372 1552 partis,
1418 1485 1583 1550 quae
1606 1468 1772 1526 Tre-

270 1568 544 1631 boniani
578 1589 810 1633 necem
849 1569 923 1630 at]
959 1590 1194 1631 annum
1214 1571 1292 1642 V,
1317 1571 1387 1632 C.
1423 1586 1581 1646 1007
1619 1588 1772 1630 con·

272 1670 521 1743 stituit,
568 1685 950 1752 argumenta
982 1669 1210 1731 audire
1240 1669 1441 1753 juvat.

304 1773 313 1782 ’
404 1771 537 1830 lam
578 1768 751 1831 istud
796 1771 1075 1852 primum
1136 1791 1218 1832 ex
1271 1770 1486 1831 numis
1528 1767 1775 1832 evinci-

271 1885 419 1943 tur,
467 1870 871 1932 Treboniani
906 1872 1252 1955 imperium
1299 1870 1455 1933 satis
1508 1871 1638 1930 late
1677 1867 1777 1928 ul-

277 1983 384 2034 tra
433 1977 817 2054 Augustum·
862 1972 1010 2033 anni
1081 1971 1240 2033 1006
1289 1968 1770 2032 extendendum

278 2093 450 2135 esse.
494 2075 771 2134 Exstant
795 2072 975 2133 numi
995 2070 1419 2133 Alexandrini
1455 2086 1585 2154 tam
1615 2073 1776 2129 Tre-

281 2174 591 2249 boniani,
638 2166 830 2256 quani
864 2172 1208 2239 Volusiani
1250 2171 1550 2255 inscripti
1584 2171 1661 2231 L.
1695 2165 1775 2230 Γ.

281 2278 448 2338 Cum
505 2296 708 2335 annus
763 2274 1164 2335 Treboniani
1210 2275 1269 2336 A·
1315 2274 1609 2356 coeperit
1667 2292 1775 2332 cx·

285 2391 485 2438 eunte
541 2375 900 2436 Novembri
957 2377 1039 2439 V.
1088 2376 1158 2437 C.
1224 2382 1419 2449 1004,
1480 2374 1581 2434 vel
1649 2369 1774 2452 ipsi

285 2475 644 2539 adversarii
690 2474 971 2548 dabunt,
1047 2495 1129 2537 ex
1179 2475 1772 2537 Alexandrinorum

286 2578 546 2643 calculo
592 2597 827 2637 annum
873 2572 931 2635 Γ
971 2577 1267 2662 incipere
1312 2576 1618 2649 debuisse
1668 2573 1771 2632 die

281 2681 522 2742 xxlx.
563 2677 842 2759 Augusti
888 2680 1038 2739 anni
1090 2678 1286 2753 1006,
1335 2696 1777 2772 cumquenu-

284 2802 539 2848 morum
575 2781 666 2841 sic
694 2778 1157 2863 inscriptorum
1193 2801 1423 2862 magna
1454 2777 1639 2859 copia
1674 2797 1777 2836 su·
1816 2809 1829 2818 ,

284 2885 524 2971 pet-sit,
570 2899 841 2942 necesse
880 2895 1013 2956 est,
1062 2882 1326 2964 longius
1363 2879 1573 2941 adhuc
1613 2892 1775 2944 tem-

285 3009 407 3070 pus
450 2985 602 3046 inde
651 3010 686 3048 a
732 2988 908 3049 dicto
971 2983 1075 3045 die
1120 2982 1480 3065 imperasse
1528 2979 1778 3041 Trebo-

289 3089 574 3152 nianum.
662 3089 751 3148 Hi
811 3081 971 3166 ergo
1029 3084 1211 3145 numi
1272 3080 1587 3162 adfligunt
1633 3099 1783 3151 sen-¹

288 3190 557 3253 tentiam
638 3186 1091 3258 Tillemontii,
1152 3182 1373 3263 Pagii,
1436 3180 1779 3255 Band'utii,

290 3290 735 3371 aliorumque,
812 3286 923 3368 qui
986 3283 1471 3344 Trebonianum
1554 3299 1778 3341 mense

295 3392 468 3453 Maio
521 3403 629 3450 aut
678 3386 863 3447 Iunio
910 3383 1063 3445 anni
1118 3383 1277 3461 ioob
1345 3401 1604 3444 caesum
1656 3394 1782 3442 sta·

291 3508 501 3556 tuere.
1136 3486 1145 3493 “
1684 3484 1693 3495 “

416 3588 877 3655 Fortissimum
910 3583 1458 3659 huicsententiae
1499 3581 1781 3668 patroci-

296 3697 471 3759 nium
516 3689 770 3754 accedit
821 3708 899 3749 ex
962 3687 1178 3748 numis
1225 3685 1625 3748 Treboniani
1678 3703 1781 3746 ae-

296 3815 420 3880 que
458 3815 531 3856 ac
559 3790 902 3860 Volusiani
939 3789 1273 3873 inscriptis
1305 3791 1379 3851 P.
1403 3789 1494 3847 M.
1529 3789 1667 3847 TR.
1700 3786 1777 3847 Ρ.

298 3899 434 3958 1111.
483 3892 673 3958 COS.
720 3892 839 3966 11.,
919 3908 1000 3950 ex
1057 3910 1187 3972 quo
1244 3887 1610 3950 tribunatus
1663 3908 1781 3946 nu·

299 4018 478 4062 mero
547 4012 819 4056 necesse
867 4004 966 4053 est
1011 3988 1499 4051 Trebonianum
1549 3988 1778 4049 saltem

272 4117 532 4165 ‘annum
574 4086 731 4175 too7
766 4092 1130 4157 inchoasse.
1174 4092 1358 4153 Haec
1392 4090 1625 4151 horum
1664 4110 1781 4149 nu-

304 4219 553 4260 morum
590 4196 960 4261 testimonia
1009 4193 1185 4255 tanti
1221 4191 1354 4254 visa
1384 4204 1549 4251 sunt
1594 4192 1781 4252 Peta-

306 4300 441 4374 vio‚
502 4311 571 4359 ut
631 4319 763 4361 non
828 4295 1156 4357 dubitaret
1200 4292 1603 4357 Treboniani
1665 4291 1781 4351 im·

1883 555 2139 638 perium
2191 574 2273 619 eo
2318 553 2975 640 usqueextendere..
3040 556 3172 619 Alii
3214 578 3382 634 vero

1838 731 1845 738 ·
1886 656 2043 717 alias
2077 677 2305 718 eorum
2338 657 2876 741 explicandorum
2911 657 3221 734 rationes,
3258 657 3381 722 sed

1887 757 2252 840 singulares
2294 747 2560 821 omnino
2599 760 2810 822 coacti
2861 773 3012 822 sunt
3053 760 3375 843 reperire.

1886 858 2185 920 Celerius
2224 879 2369 921 sese
2408 859 2765 941 expediunt
2806 861 2894 937 ii,
2940 862 3050 945 qui
3087 862 3382 944 priorem

1886 960 2274 1021 sententiam
2326 959 2654 1022 malebant
2683 964 3014 1046 amplecti.
3093 967 3385 1026 Hos'nu·
3477 981 3482 984 “

1884 1048 2065 1134 mos,
2132 1061 2349 1134 aiunt,
2412 1073 2520 1123 aut
2566 1063 3204 1138 esse'adultcrinos,
3269 1079 3383 1125 aut

1884 1162 2055 1223 male
2103 1159 2509 1247 descriptos,
2554 1179 2664 1226 aut
2721 1164 3235 1227 monetariorum
3284 1165 3381 1226 vi-

1886 1264 1976 1325 tio
2034 1262 2457 1346 depravatos,
2526 1287 2674 1328 cum
2735 1264 3386 1348 alterius‘principis

1885 1365 2190 1427 matrices
2221 1365 2458 1426 horum
2487 1367 2807 1449 capitibus
2846 1366 3193 1430 sociarent.
3252 1367 3389 1440 Vo-

1885 1487 2029 1527 rum
2063 1464 2239 1527 istud
2272 1481 2524 1528 temere
2567 1466 2783 1528 adseri
2820 1468 2961 1550 ipsa
2999 1468 3235 1530 horum
3267 1489 3393 1552 nti-t

1887 1587 2144 1629 morum
2185 1567 2373 1650 copia
2413 1579 2539 1627 tam
2579 1568 2644 1626 in
2685 1582 2995 1650 argeum,
3042 1588 3236 1651 quam
3279 1586 3388 1629 ae-

1887 1686 1962 1728 re
1997 1667 2193 1730 facile
2230 1665 2498 1730 evincit.
2558 1666 2658 1728 Ad
2693 1669 2852 1729 haec
2889 1668 2942 1729 si
2977 1674 3389 1751 permutatae

1891 1781 2111 1829 essent
2156 1768 2502 1843 matrices,
2550 1780 2617 1829 et
2662 1787 2931 1830 aversae
2976 1770 3403 1852 pertinerent

1890 1866 1973 1928 ad
2009 1870 2494 1948 praecedentes,
2520 1867 2994 1950 imperatores,
3041 1869 3213 1954 quod
3252 1871 3390 1953 pla·

1890 1987 1974 2028 ne
2020 1982 2271 2030 certum
2322 1968 2536 2031 visum
2580 1983 2680 2030 cst
2715 1972 2919 2053 Pagio
2956 1972 3010 2050 ⁹)
3038 2016 3053 2045 ,
3112 1989 3389 2033 necesse

1885 2082 2105 2156 esset,
2153 2067 2416 2129 easdem
2454 2081 2582 2133 tam
2620 2083 2906 2151 spectata
2935 2070 3390 2160 inscriptione,
3436 2063 3445 2074 ”

1891 2189 2084 2252 quam
2137 2182 2291 2251 typo
2347 2189 2607 2232 aversas
2655 2190 3028 2246 occurrere,
3062 2161 3130 2233 in
3173 2173 3416 2235 numis,

1890 2270 2362 2353 imperatorum
2442 2269 2746 2351 proxime
2791 2273 3386 2355 praecedentium,

1892 2370 2068 2455 quod
2116 2384 2333 2431 tamen
2387 2370 2675 2432 nondum
2732 2372 3171 2437 observatum.
3259 2377 3426 2436 Nm

1894 2471 2015 2532 mis
2060 2471 2154 2533 sic
2202 2470 2533 2554 inscriptis
2577 2473 2871 2536 feliciter
2907 2476 3236 2558 suppetias
3282 2494 3392 2537 re-

1889 2572 2025 2647 nit‚
2074 2594 2469 2658 omnemque
2499 2574 2602 2635 his
2643 2576 2742 2636 vel
2784 2559 3032 2637 erroris
3074 2578 3183 2637 vel
3216 2576 3390 2638 frau-

1894 2674 1995 2735 dis
2045 2675 2484 2757 suspicionem
2550 2676 2777 2736 eximit
2826 2697 3148 2752 marmor,
3212 2676 3391 2759 quod

1893 2789 2106 2837 exstat
2140 2779 2399 2861 Romae*
2429 2776 2493 2836 in
2535 2774 2803 2838 aedibus
2847 2778 3093 2841 march.
3132 2777 3392 2839 Rontla-

1891 2878 2067 2952 nini,
2116 2877 2422 2962 quodque
2475 2877 2727 2960 primus
2771 2879 3062 2959 vulgavit
3114 2878 3390 2948 Barthe·

1890 2978 2149 3062 lemyus
2182 2976 2284 3060 b),
2335 2996 2401 3042 et
2453 2982 2623 3043 iufra
2671 2982 2738 3041 in
2781 2980 3156 3043 nominibus
3189 2983 3394 3045 Volu-

1896 3082 2059 3143 siani
2104 3082 2433 3164 copiosius
2478 3082 2894 3156 recitabitur,
2940 3083 3007 3143 in
3056 3101 3185 3166 quo
3227 3086 3393 3145 Tre-

1894 3182 2214 3243 bonianus
2250 3202 2458 3264 aeque
2498 3205 2570 3244 ac
2607 3183 3000 3247 Volusianus
3042 3182 3390 3244 dicuntur:

1897 3286 2035 3344 ΤΒ.
2068 3283 2141 3339 Ρ.
2174 3282 2313 3340 1111.
2348 3282 2538 3344 COS.
2577 3284 2656 3342 ll.
2690 3284 2763 3342 P.
2803 3287 2880 3346 1’.
2969 3284 3072 3344 An
3123 3295 3191 3344 et
3222 3303 3392 3344 mar-

1895 3403 2042 3444 mor
2069 3381 2243 3443 istud
2271 3427 2287 3458 ‚
2336 3382 2508 3465 quod
2548 3401 2696 3444 cum
2725 3380 2947 3442 ‘numis
2984 3394 3113 3444 tam
3146 3382 3388 3446 eximie

1896 3482 2258 3563 conspirat,
2310 3480 2764 3565 corruptum?

2020 3585 2171 3644 Huc
2206 3583 2486 3666 denique
2523 3583 2771 3645 faciunt
2823 3567 3386 3651 numi-'Aemiliani

1894 3686 1963 3747 in
2006 3686 2211 3748 Dacia
2276 3705 2425 3748 cum
2489 3705 2656 3747 anno
2702 3687 2874 3753 Vnt.
2939 3686 3211 3768 signati,
3274 3688 3389 3771 qui

1899 3785 2203 3872 congruit
2247 3806 2417 3848 anno
2449 3788 2528 3852 V.
2561 3788 2632 3849 C.
2680 3807 2858 3866 ¹007·
2952 3787 3228 3871 Siergo
3265 3791 3391 3851 Ae-
3451 3780 3457 3786 ⁵

1898 3888 2201 3949 milianus
2245 3888 2372 3947 hoc
2430 3887 2644 3950 adhuc
2681 3908 2848 3949 anno
2901 3889 3088 3951 vivus
3146 3904 3212 3952 et
3264 3895 3392 3953 Au-¹

1898 4002 2125 4072 gustus
2169 4009 2301 4050 non
2331 4003 2653 4072 repugnat
2693 3988 3060 4050 consulatui
3094 3990 3391 4055 Valeria·

1894 4089 2003 4164 ni,
2048 4109 2271 4173 neque*
2313 4088 2768 4151 Trebonianus
2815 4090 2942 4153 hoc
2987 4109 3155 4153 anno
3204 4092 3393 4153 vivus
3463 4098 3466 4101 ’

1896 4205 1964 4252 et
2000 4193 2333 4275 Augustus
2365 4190 2577 4250 eidem
2612 4189 3020 4273 repugnabit.
3111 4190 3253 4252 Etsi
3286 4214 3389 4259 ve·

1896 4313 2013 4369 ro,
2059 4289 2234 4377 quod
2282 4289 2364 4353 ad
2413 4290 2910 4375 chronologiam
2963 4294 3231 4368 attinet,
3278 4304 3385 4379 pu-

374 4618 433 4690 ι)
475 4615 603 4676 Cri.
661 4617 871 4676 Baton.
910 4613 989 4673 ad
1022 4613 1097 4676 V.
1138 4616 1204 4673 C.
1249 4616 1402 4679 1006.
1445 4615 1503 4691 n.
1547 4622 1630 4677 tt.

1760 4608 1846 4691 b)
1885 4614 2056 4671 Mem.
2093 4613 2158 4670 B.-
2197 4611 2261 4672 L.
2300 4612 2472 4697 Tem.
2496 4610 2783 4673 XXVIII.
2824 4632 2883 4686 p.
2922 4613 3048 4676 606·
3129 4666 3170 4688 2,

2779 4708 2985 4781 Zze
