4652 5937
1345 357 1363 396 ¹
1585 355 2061 437 MARIVS.

277 534 722 603 paemen.
770 512 1055 603 cums,
1117 543 1321 621 eaput
1355 543 1515 607 201⁸·ae
1555 546 1774 607 raaia-

276 648 436 707 mm.
478 639 616 703 ΑΕ.
645 642 759 703 111.
797 639 1064 723 (nand.)

3213 336 3374 465 ‘It-55

1890 544 2783 616 SAECVLI.FEL1C1TAS.
2815 559 2885 617 in
2914 493 3088 620 amm·
3102 563 3378 626 metallo.

1885 646 2335 717 VICTORIA.
2367 652 2569 723 AvG.
2597 687 2681 701 -—
2718 657 3057 726 VIRTVS.
3095 658 3291 728 AVG.

1486 982 1493 987 ·
1593 912 2086 1028 mamma.

883 1162 1088 1225 Aurei

1214 1200 1763 1226 oooooo

1510 1236 1523 1243 ,

1848 1207 2609 1233 00000000

926 1569 994 1628 C.
1083 1570 1644 1633 PESVVJVS
1733 1573 2265 1635 TETBICVS
2345 1574 2774 1637 PATER.‘

410 1758 556 1851 Etsi
589 1767 656 1829 in
686 1768 1249 1852 ipsumAureliani
1276 1770 1628 1854 imperium
1665 1773 1779 1835 du·

283 1872 491 1946 ravit,
553 1860 766 1933 tamen
818 1869 1134 1931 historiae
1179 1891 1371 1934 causa
1434 1895 1468 1933 a
1512 1893 1781 1956 praece·

226 1992 239 2003 “
282 1973 619 2036 (lentibus¹
657 1971 909 2033 Galliae
967 1973 1295 2050 tyrannis,
1381 1991 1463 2033 ex
1540 1974 1776 2055 quibus

282 2086 660 2156 postremus
690 2071 846 2147 fuit,
892 2072 1178 2154 separari
1210 2070 1414 2132 nolui.
1480 2073 1641 2155 Ejus
1682 2073 1779 2133 hi-

284 2171 555 2233 storiam
590 2192 672 2233 ex
720 2170 1097 2235 auctoribus
1134 2171 1470 2235 veteribus
1510 2172 1780 2235 adcura-

288 2285 358 2333 te
406 2272 739 2355 congessit
785 2272 866 2333 de
917 2275 1101 2334 Boze
1145 2275 1239 2350 ²),
1301 2292 1383 2335 ex
1425 2295 1550 2359 qua
1593 2271 1778 2355 prae-

284 2375 462 2439 clara
494 2392 709 2435 messe
745 2394 949 2455 pauca
985 2394 1293 2457 excerpo.

412 2475 759 2544 Victorino
798 2488 864 2536 et
900 2474 1111 2536 Mario
1154 2474 1361 2537 eaesis
1392 2474 1776 2559 famigerata

284 2574 661 2651 victorina,
706 2595 1099 2658 rerumque,
1163 2588 1234 2637 ut
1278 2574 1592 2650 diximus,
1638 2591 1775 2638 tum

283 2678 359 2739 in
397 2676 610 2739 Gallia
661 2691 895 2760 potens
964 2676 1220 2751 effecit,
1284 2691 1358 2738 ut
1415 2677 1775 2759 imperator

284 2776 768 2840 adclamat-etur
803 2779 1108 2840 Tetricus
1160 2778 1263 2839 vir
1312 2778 1559 2838 ordinis
1596 2797 1779 2838 sena-

280 2877 476 2954 torii,
523 2881 920 2956 consularis,
967 2893 1032 2940 et
1076 2877 1203 2961 jam
1244 2879 1595 2948 Valeriane
1628 2895 1777 2961 pre-

283 2980 513 3057 batuS,
572 2982 812 3065 quique
872 2995 1008 3041 tum
1069 2981 1330 3062 utrique
1391 2980 1773 3062 Aquitaniae

282 3079 652 3165 praesedit,
721 3081 785 3141 ei
837 3093 1179 3162 praeterea
1221 3079 1506 3141 feminae
1554 3078 1777 3141 adfini-

284 3195 421 3245 tate
466 3180 870 3264 conjunctus.
958 3181 1230 3240 Factum
1275 3178 1449 3240 istud
1482 3179 1776 3261 oportuit

286 3295 571 3347 exeunte
628 3300 795 3342 anno
848 3281 928 3343 V.
977 3281 1050 3354 Cg.
1123 3296 1304 3342 noae.
1362 3282 1438 3343 P.
1484 3281 1565 3339 X.
1628 3278 1773 3358 267,

287 3396 398 3446 aut
427 3381 753 3466 principio
798 3379 1151 3463 sequentis.
1242 3383 1406 3441 Nam
1448 3400 1579 3463 quo
1614 3394 1776 3441 tem·

288 3502 452 3567 pore
502 3482 809 3545 Claudius
853 3477 1042 3543 caeso
1090 3480 1394 3543 Gallieno
1425 3480 1774 3564 imperium

286 3584 520 3661 adivit,
569 3584 825 3648 scilicet
863 3602 1088 3644 mense
1124 3583 1385 3646 Martio.
1410 3583 1559 3644 anni
1592 3585 1665 3645 P.
1694 3584 1774 3643 Χ.

287 3685 445 3764 268,
508 3685 637 3769 jam
699 3683 1032 3748 constabat
1080 3688 1396 3760 Romae,
1437 3683 1774 3747 Tetricum

281 3788 354 3851 in
382 3787 621 3852 Galliis
673 3786 1138 3868 imperatorem
1185 3785 1515 3868 agnitum,
1578 3799 1651 3848 ut
1681 3783 1774 3845 di-

286 3890 527 3954 scimus
587 3908 671 3951 ex
732 3887 1075 3948 Trebellio
1137 3883 1227 3965 ¹2).
1311 3885 1585 3948 Claudio
1656 3883 1775 3944 im-

282 4004 557 4075 perante
611 4008 745 4050 non
808 3986 1006 4050 modo
1066 3986 1287 4072 quiete
1348 3985 1558 4049 tenuit
1624 3984 1774 4058 Gal,-

283 4091 406 4154 lias
452 4091 997 4176 Hispaniamque,
1063 4088 1180 4150 sed
1230 4101 1315 4150 ¹et
1376 4086 1773 4170 apparebant

287 4210 418 4253 non
473 4188 762 4253 obscura·
819 4190 1208 4253 constitutae
1286 4189 1461 4251 inter
1522 4203 1773 4250 utrum·

290 4309 418 4375 que
460 4290 852 4376 concordiae
902 4304 1324 4376 argumenta,
1372 4304 1445 4353 ut
1487 4309 1570 4352 ex
1611 4288 1771 4373 ipsis

287 4387 501 4453 numis
557 4389 840 4475 patebit,
920 4412 1136 4477 neque
1193 4391 1472 4482 infracta
1532 4410 1610 4454 ea
1671 4404 1771 4454 est

357 4605 420 4675 a>
460 4602 633 4663 Mem.
672 4605 740 4666 B.
777 4606 843 4662 L.
880 4608 948 4664 T.
990 4607 1207 4671 XXVI.
1248 4629 1309 4686 p.
1348 4615 1472 4671 504.

1890 1773 2248 1835 Aureliano
2283 1772 2365 1836 ad
2403 1772 2748 1857 imperium
2781 1786 3039 1838 evecto.
3101 1776 3179 1837 At
3207 1776 3380 1839 enim
3423 1778 3434 1801 ¹

1889 1874 2322 1958 irrequietum
2357 1894 2622 1936 suorum
2656 1863 2986 1956 ingenium
3016 1894 3090 1936 ae
3119 1875 3386 1938 seditio·

1891 1972 2022 2036 nes'
2040 1986 2379 2056 pertaesus
2401 1974 2647 2049 Gallias
2667 1975 3019 2036 Aureliano
3041 1975 3385 2037 restituen-
3439 1962 3446 1965 ‚,

1892 2072 1961 2134 di
1998 2074 2172 2156 cepit
2209 2074 2591 2150 consilium,
2639 2094 2849 2158 eoque
2888 2073 3380 2150 claminvitato,

1891 2189 1966 2237 ut
2008 2194 2130 2258 per
2188 2175 2478 2256 speciem
2537 2175 2701 2237 belli
2757 2175 2823 2235 in
2879 2175 3160 2238 Galliam
3206 2175 3384 2238 veni·

1890 2290 2035 2351 ret,
2090 2297 2234 2337 eum
2286 2276 2476 2337 ambo
2523 2276 2854 2338 exereitus
2911 2277 2990 2335 in.
3025 2286 3382 2358 conspeetu

1892 2390 2151 2451 esseut,
2228 2378 2622 2438 transitione
2667 2376 2838 2438 faeta
2899 2374 3122 2457 ‘ipsum
3185 2375 3379 2437 etiam

1890 2477 2253 2539 exereitum
2296 2476 2463 2538 <luce
2500 2476 2877 2536 destitutum
2908 2474 3048 2557 ejus
3095 2494 3238 2536 sese
3283 2495 3383 2538 ar·

1889 2577 2088 2637 bitrio
2122 2577 2449 2658 subjicere
2485 2578 2723 2658 coegit.
2791 2576 2861 2636 Si
2896 2595 3050 2637 vera
3081 2574 3381 2636 referunt

1890 2678 2289 2761 scriptoreS,
2336 2696 2467 2737 non
2513 2677 2665 2737 satis
2701 2675 2911 2737 famae
2950 2696 3104 2737 suae
3148 2696 3379 2738 consu·

1890 2777 2012 2838 luit
2049 2777 2480 2853 Aurelianus,
2526 2798 2673 2839 cum
2726 2790 2957 2859 sponte
3006 2776 3376 2838 dedititium

1887 2877 1957 2938 in
2016 2876 2385 2963 triumphe,
2448 2852 2642 2961 quem
2704 2877 2792 2938 de
2849 2877 3139 2938 Zenobia
3217 2878 3374 2960 egit,
3445 2866 3460 2874 ⁶

1887 2979 2213 3061 captivum
2275 2979 2429 3043 duci
2500 2998 2728 3062 passus
2799 2991 2931 3052 est,
3012 2998 3377 3062 quanquam

1891 3077 2202 3160 deinceps
2239 3100 2370 3139 non
2397 3081 2684 3141 cessaret
2712 3078 3012 3146 omnibus
3045 3099 3195 3140 eum
3235 3077 3378 3142 offi-

1892 3178 2009 3238 ciis
2043 3198 2312 3253 ornare,
2362 3181 2453 3239 sic
2491 3195 2559 3240 ut
2595 3180 2937 3260 conlegam
2963 3199 3192 3262 saepe,
3241 3199 3378 3241 sae-

1890 3298 1972 3360 pe
2013 3278 2477 3361 imperatorem
2521 3276 2918 3358 appellaret‚
2964 3297 3039 3338 ac
3092 3275 3374 3360 denique

1889 3376 2114 3438 ltaliae
2164 3378 2363 3438 totius
2408 3393 2857 3439 correctorem
2920 3377 3371 3454 constitueret,

1891 3478 2024 3539 suis
2086 3478 2279 3539 etiam
2342 3476 2703 3539 honori-bus
2762 3478 2828 3537 in
2891 3475 3100 3537 filium
3161 3475 3376 3538 Tetri-

1889 3601 2072 3655 cum,
2118 3581 2306 3641 antea
2345 3580 2723 3653 Caesar-em,
2786 3577 3081 3653 collatis,
3126 3574 3208 3638 de
3241 3598 3371 3660 quo
3415 3559 3420 3568 ἱ

1885 3681 2093 3744 infra..
2142 3682 2291 3775 Quo
2326 3682 2690 3763 imperante
2718 3678 2827 3742 hie
2858 3676 3128 3762 insignis
3161 3675 3372 3740 famae

1885 3783 1988 3848 vir
2039 3781 2211 3842 diem
2273 3781 2590 3858 obiverit,
2659 3778 2993 3865 proditum
3047 3801 3196 3852 ‘non
3250 3790 3371 3841 est.

1883 3883 2273 3946 Diutissime
2309 3883 2519 3945 adhuc
2554 3881 2792 3945 vixisse
2823 3883 3145 3963 privatum
3175 3878 3375 3944 tradit

1882 3985 2262 4068 Eutropius.
2334 3986 2517 4067 Ergo
2555 3982 2905 4064 imperium
2952 3981 3205 4044 Tetrici
3247 3981 3375 4043 cir·

1885 4085 2351 4149 cumscribitur
2386 4106 2553 4146 anno
2587 4088 2669 4152 V.
2705 4085 2775 4147 C.
2821 4099 2985 4144 1020
3015 4084 3089 4142 P.
3121 4080 3206 4144 X.
3227 4083 3370 4164 2117,

1884 4180 2014 4273 quo
2042 4184 2204 4248 illud
2240 4183 2437 4260 adiit,
2484 4200 2550 4247 et
2582 4184 2664 4251 V.
2700 4186 2772 4248 C.
2815 4182 2971 4244 1026
3003 4183 3077 4244 P.
3110 4181 3191 4241 X.
3225 4181 3367 4262 273,

1877 4310 2015 4374 -quo
2066 4301 2280 4350 actum
2323 4286 2406 4347 ab
2447 4286 2801 4350 Aureliano
2840 4283 3242 4368 triumphum
3277 4282 3373 4346 ‹li-

1886 4410 2135 4456 Gema&

1619 4605 1686 4682 b)
1721 4576 1787 4664 in
1825 4604 2098 4665 Claudio.
