4652 5937
925 518 1018 592 M.
1125 515 1744 607 GALERIVS
1847 517 2580 623 ΑΝΤΟΝΙΝΥΞτ
3217 540 3314 611 43

200 701 459 769 xvln.
514 702 721 777 sistit,
787 701 1070 785 probare
1126 701 1497 775 contendit,
1561 721 1711 762 eum

199 804 409 871 matri
445 817 599 868 octo
621 848 639 879 ,
686 803 1002 867 decemve
1037 803 1219 864 annis
1255 803 1457 864 fuisse
1489 822 1715 885 super-

200 905 478 980 stitem,
524 919 852 968 mortuum
901 904 1065 967 adeo
1112 904 1244 987 jam
1293 904 1445 967 satis
1479 918 1719 987 prove-'

199 1022 312 1069 cto
356 1008 684 1069 Antonini
734 1006 1036 1090 imperio.
1096 1006 1344 1069 Verum
1381 1028 1459 1067 an
1502 1004 1713 1068 credi-

198 1107 387 1195 bile,
475 1108 672 1169 etiam
728 1120 865 1169 tum
930 1106 1236 1179 Galerio,
1294 1105 1423 1187 jam
1486 1107 1709 1190 utique

199 1210 361 1271 satis
412 1209 683 1282 adulto,
757 1207 1047 1270 nondum
1095 1209 1428 1272 decretum
1482 1209 1714 1269 Caesa-

196 1310 292 1371 ris
326 1290 654 1371 titulum?
676 1310 784 1371 'Et
814 1331 974 1389 vero
1010 1323 1107 1375 tot
1152 1322 1500 1393 supersunt
1530 1308 1709 1369 numi

196 1414 290 1472 M.
328 1411 634 1487 Aurelii,
681 1412 793 1498 qui
845 1413 1085 1475 Caesar
1126 1425 1375 1483 tantum
1420 1423 1559 1471 erat
1589 1429 1711 1491 per

205 1512 682 1596 adoptionem,
762 1511 1125 1595 imperante
1186 1512 1521 1574 Antonino
1577 1513 1711 1571 Ito-

196 1634 351 1675 mae
389 1614 659 1697 signati,
706 1628 770 1676 et
818 1615 1071 1676 nullum
1112 1614 1167 1674 is
1196 1614 1439 1696 signari
1470 1611 1711 1693 permi-

204 1716 363 1777 serit
400 1715 471 1775 in
510 1715 837 1776 honorem
872 1713 992 1776 filii
1028 1737 1150 1799 per
1179 1729 1468 1776 naturam
1493 1714 1524 1776 ·.>
1574 1715 1709 1776 De·-

138 1818 142 1827 '
200 1817 402 1902 nique
429 1817 489 1878 si
524 1816 915 1899 permissum
950 1830 1050 1878 est
1079 1818 1323 1899 eloqui,
1369 1817 1545 1901 quod
1564 1836 1711 1877 sen-

204 1919 329 1993 tio,
387 1940 533 1980 non
583 1940 813 2001 parum
869 1918 1028 1978 mihi
1067 1918 1329 1979 videtur
1367 1908 1708 2000 suspectus

204 2020 371 2081 alter
421 2019 545 2082 hio
601 2040 873 2094 numne,
934 2018 1056 2102 etsi
1115 2019 1256 2102 ejus
1305 2016 1471 2079 fides
1524 2019 1709 2100 gravi

209 2141 547 2203 praecone
594 2120 876 2195 nitatur,
924 2121 1108 2202 cujus
1146 2120 1485 2202 exemplar
1530 2117 1709 2180 aliud

208 2221 522 2283 hactenus
588 2235 926 2304 repertum
987 2241 1120 2282 non
1182 2236 1302 2284 est.
1362 2224 1525 2281 Nam
1576 2220 1713 2302 pri-

211 2342 383 2382 mum
435 2322 762 2384 molestae
813 2334 962 2383 sunt
1003 2323 1236 2384 literae
1283 2312 1502 2397 TlP.,
1549 2343 1709 2405 quas

210 2424 506 2507 speciosa
557 2424 810 2508 magis,
875 2446 1073 2508 quam
1119 2423 1465 2486 verisimili
1502 2410 1710 2507 cipli-

212 2525 458 2585 eatione
482 2525 807 2609 legendas
827 2539 1052 2590 censet
1067 2521 1231 2598 ΤΙος
1254 2522 1496 2606 Ρωμιςς,
1529 2528 1707 2610 quod

215 2639 423 2685 utrum
445 2627 531 2687 sit
560 2647 687 2710 pro
722 2627 863 2709 ejus
895 2626 1121 2688 aetatis
1142 2626 1428 2710 ingenio,
1466 2647 1704 2710 nempe

222 2724 419 2789 filium
481 2727 907 2811 imperatoris
964 2727 1186 2791 dicere
1205 2731 1413 2809 filium
1447 2732 1705 2805 Romae,

1826 701 2226 785 persuadere
2282 703 2443 763 mihi
2484 701 2973 788 haudquaquam
3030 725 3326 788 possum,

1826 804 2086 865 Deinde
2133 825 2284 866 eum
2341 825 2607 866 numum
2659 805 2762 866 vir
2798 799 3092 867 eruditus
3131 823 3322 870 vocat

1827 905 2340 968 Alexandrinum
2373 904 2662 967 fabricae
2701 906 2909 967 causis
2945 921 3322 991 permotu23

1827 1021 1889 1069 at
1933 1027 2052 1068 cur
2093 1020 2361 1091 praeter
2404 1026 2656 1069 morem
2712 1006 2894 1069 abest
2943 1029 3145 1069 annus
3198 1009 3320 1070 im-

1824 1108 2042 1193 perii?
2123 1109 2257 1189 Cur
2303 1107 2371 1168 in
2411 1108 2538 1171 hoc
2589 1109 2919 1191 reperitur
2964 1109 3172 1203 litera·
3212 1103 3321 1185 Σ,
3428 1154 3436 1163 .

1827 1230 1993 1293 quae
2045 1209 2120 1268 in
2173 1220 2432 1269 moneta
2491 1209 2817 1293 Aegyptia
2876 1208 3007 1291 jam
3069 1211 3222 1275 inde
3279 1239 3314 1276 a

1829 1310 2110 1392 'l'rajano
2199 1312 2419 1371 exulat
2479 1312 2736 1372 invecto
2813 1325 3149 1375 constante
3211 1315 3313 1376 C?

1824 1412 2074 1473 Verum
2110 1409 2191 1471 de
2212 1412 2390 1473 numi
2426 1411 2565 1491 ejus
2586 1412 2962 1498 integritate
2996 1412 3316 1495 judicium

1824 1510 2043 1573 serant
2089 1513 2174 1589 ii,
2241 1512 2353 1595 qui
2397 1512 2738 1590 viderunt,
2801 1528 2868 1576 et
2912 1533 3062 1577 cum
3115 1517 3322 1578 animi

1822 1613 2149 1695 pendent,
2211 1612 2439 1676 videre
2491 1604 2784 1696 possunt.
2864 1608 3121 1680 Interea
3173 1638 3322 1682 cer-

1825 1728 1961 1775 tum
2000 1728 2137 1790 est,
2183 1736 2456 1775 numum·
2483 1716 2773 1798 priorem
2807 1715 3125 1798 signatum
3154 1718 3313 1781 fuis·

1825 1835 1894 1876 se
1925 1828 2073 1897 post
2112 1817 2333 1877 matris
2367 1815 2713 1878 Faustinae
2747 1836 3110 1894 excessum,
3145 1842 3319 1905 quae

1824 1915 1890 1975 in
1949 1936 2155 1976 numo
2211 1916 2458 1994 velata,
2540 1931 2607 1979 et
2662 1939 2817 1980 cum·
2875 1922 3319 2002 appellatione
3375 1976 3386 1983 .

1827 2014 2068 2079 ΘΕΑΟ
2113 2018 2544 2101 proponitur.
2590 2032 2657 2080 et
2684 2020 2878 2102 plane
2928 2022 3310 2098 verisimile,

1824 2119 1997 2181 hunc
2056 2119 2276 2181 Galer.
2322 2118 2722 2182 Antoninum
2790 2122 3048 2204 privato
3098 2124 3311 2188 adhuc

1823 2236 2008 2304 patre
2044 2223 2265 2283 vivere
2290 2219 2627 2295 desivisse,
2674 2242 3099 2308 quaecunque
3131 2225 3325 2287 dein·-
3420 2223 3430 2232 ’

1788 2386 1791 2391 ⁴
1824 2322 1905 2383 de
1939 2343 2126 2384 causa
2146 2322 2290 2398 fuit,
2339 2325 2517 2401 (nam
2549 2337 2730 2407 quot,
2777 2336 2843 2385 et
2875 2338 3110 2407 quanta
3139 2342 3318 2401 sunt,

1823 2443 1988 2506 quae
2055 2422 2463 2507 ignoramus)
2495 2446 2688 2510 quae
2724 2423 3042 2513 Graecam
3090 2428 3318 2501 ciyita-

1819 2537 1999 2599 tem,
2045 2523 2237 2606 hujus
2288 2541 2624 2588 auctorem
2654 2526 2854 2603 numi,
2900 2525 3179 2610 impulit,
3242 2544 3316 2588 ut·
3363 2518 3364 2523 ἵ

1822 2646 1970 2689 cum
2007 2627 2301 2708 Augusta
2326 2641 2579 2689 mortua
2618 2625 2828 2689 filium
2862 2640 3120 2713 'quoque
3139 2650 3323 2691 mor·-

1819 2740 2004 2791 tuum
2047 2726 2113 2788 in
2145 2741 2410 2791 moneta
2437 2728 2755 2793 sociaret-

1507 3053 1706 3112 PEE
1734 3053 2030 3113 TIVM.

618 3252 890 3310 Tantum
933 3250 1263 3308 commatis
1296 3251 1660 3334 per-cyrini.-

794 3348 1006 3410 Aenei
1050 3349 1099 3409 1.
1143 3347 1396 3408 formae

806 3448 1014 3510 Aenei
1051 3450 1129 3509 11.
1164 3448 1415 3510 formae
1466 3492 1483 3509 .
1575 3494 1601 3511 ,ν
1680 3492 1697 3511 .

1786 3493 1801 3512 Ο
1895 3496 2230 3513 οοοο
2300 3496 2306 3503 “
2326 3497 2342 3511 0
2430 3498 2445 3514 ο
2537 3499 2552 3514 0

809 3553 1060 3614 Eorum
1100 3549 1290 3612 multi
1316 3563 1573 3614 exstant
1604 3550 1831 3634 spurii.

2644 3457 2853 3514 BER.

996 3876 1112 3936 Μ.
1155 3874 1722 3940 AVRELIVS
1804 3849 2487 3936 szr‘ozvlzvrs.

272 4089 278 4094 ·
338 4072 532 4133 Natus
583 4075 874 4145 Romae,
920 4068 1061 4153 ejus
1113 4091 1234 4133 avo
1264 4069 1478 4134 Annio
1513 4072 1696 4141 Vero

233 4171 304 4230 11.
356 4185 419 4233 et
462 4175 733 4257 Augure
770 4193 939 4249 cos.,
999 4193 1118 4235 seu
1159 4175 1247 4240 V.
1295 4176 1365 4256 C.
1413 4173 1564 4253 874.
1612 4173 1695 4255 ⁸).

232 4272 329 4334 VI.
385 4277 527 4339 Kal.
596 4276 802 4359 Majas
851 4270 918 4352 b)
977 4287 1165 4360 patre
1237 4275 1453 4362 Annio
1512 4276 1695 4346 Vero

232 4388 548 4453 praetore,
616 4375 830 4442 matre
880 4377 1169 4442 Domitia
1212 4377 1531 4452 ‚calx-illa,
1588 4374 1695 4438 cui

1813 4083 1882 4134 et
1932 4069 2228 4133 Lucillae
2291 4089 2532 4154 nomen
2600 4072 2726 4168 fuit
2773 4075 2869 4154 c),
2946 4076 3310 4161 habuitque

1813 4172 2073 4234 amitam
2123 4171 2454 4234 Galeriam
2503 4174 2876 4239 Faustinam
2915 4177 3302 4263 Augustam„

1812 4273 1997 4355 cujus
2044 4272 2284 4366 deinde
2338 4272 2542 4338 filiam
2588 4277 2997 4356 Faustinam,
3071 4301 3300 4345 conso-

1810 4374 2065 4438 brinam
2108 4396 2348 4461 nempe
2403 4396 2621 4454 suam,
2669 4378 2854 4442 duxit
2898 4378 2987 4462 d).
3041 4383 3300 4446 Nomen

3219 4527 3222 4530 ’
3254 4525 3298 4564 ζ’·

331 4699 389 4768 a)
430 4679 743 4776 capitolin.
775 4719 903 4779 cap.
940 4717 993 4763 ι.

246 4780 509 4857 spartian.
542 4792 610 4851 in
638 4788 885 4849 Iuliano.
918 4810 966 4849 c.
998 4804 1052 4850 ι.

1137 4701 1206 4772 b)
1248 4698 1402 4757 Ibid.
1437 4711 1494 4756 ct
1527 4696 1849 4759 Kalendar.
1870 4694 2144 4758 Lamban.
2219 4699 2356 4772 ἕο)
2388 4699 2703 4776 Capitolia.
2741 4701 2801 4759 in
2832 4705 2906 4760 Μ.
2938 4704 3135 4763 Aurel.
3172 4712 3298 4772 αδ.

1201 4789 1289 4867 d)
1309 4792 1629 4869 Capitolia.
1661 4814 1707 4853 c.
1750 4806 1796 4852 1.

2653 4886 2888 4947 ,ΡΞ
