4652 5937
1427 429 2122 508 COMMODVS.

201 615 468 699 Ephesi
529 616 708 702 apud
764 616 1215 692 flamininum,
1276 625 1353 680 ut
1394 612 1553 680 olim
1589 617 1723 680 Ha·

202 719 506 783 driauus.

587 897 590 902 θ
615 892 991 987 stibnnict'it
1019 933 1326 1002 potestas.

336 1074 661 1140 DIximus
713 1079 795 1144 ad
831 1103 1068 1143 annum
1097 1078 1178 1145 V.
1218 1076 1289 1138 C.
1327 1074 1492 1160 930,
1529 1074 1716 1138 Com·

209 1178 488 1242 modum
546 1181 963 1244 tribuniciam
1003 1192 1394 1264 potestatem
1442 1197 1524 1240 eo
1572 1177 1716 1261 ipso

211 1301 380 1344 anno
421 1283 834 1366 suscepisse,
894 1295 957 1344 at
1007 1295 1138 1343 tam
1174 1303 1554 1366 perversam
1576 1282 1717 1365 ejus

208 1383 489 1444 iteratae
533 1404 682 1444 esse
719 1382 1071 1458 rationem,
1121 1398 1195 1446 ut
1231 1384 1544 1447 hactenus
1582 1405 1719 1447 mo·

213 1482 331 1546 dus
353 1498 670 1568 repertus
706 1505 837 1545 non
869 1484 973 1560 sit,
1019 1505 1149 1567 quo
1168 1486 1280 1546 illa
1314 1487 1378 1548 in
1416 1485 1717 1548 ordinem

222 1585 677 1671 redigeretur.
724 1586 946 1647 Atnos
981 1605 1123 1647 eam
1157 1583 1608 1649 difficultatem
1633 1606 1715 1649 ex

214 1687 564 1770 proposito
632 1684 1079 1771 expendemus
1131 1685 1198 1749 in
1263 1687 1582 1773 singulari
1631 1687 1713 1751 do

213 1787 337 1851 hac
366 1800 679 1851 tractatu.

622 1977 927 2053 Pontifex
969 1977 1312 2038 maxianus.

337 2127 502 2189 Dixi
547 2127 633 2190 ad
679 2149 915 2190 annum
957 2128 1154 2195 V.·C.
1202 2127 1363 2211 937,
1425 2128 1554 2191 hoc
1604 2127 1716 2189 de-

220 2249 390 2289 mum
440 2249 615 2290 anno
647 2229 715 2288 in
768 2243 1029 2290 moneta
1060 2229 1403 2291 Commodi
1454 2226 1714 2311 pontifi-

221 2341 394 2390 catus
429 2329 703 2391 maximi
737 2328 881 2391 fieri
905 2330 1326 2391 mentionem.
1370 2329 1584 2395 Video
1621 2343 1714 2390 ta-

221 2449 402 2504 men,
463 2451 619 2493 eum
666 2430 792 2511 jam
843 2431 973 2494 dici
1022 2428 1399 2514 pontificem
1446 2451 1612 2490 max.
1643 2428 1712 2489 in

220 2550 547 2592 marmore
610 2532 886 2594 fratrum
952 2531 1305 2607 arvalium,
1376 2528 1554 2614 quod
1615 2544 1714 2596 est

221 2630 286 2689 in
316 2633 696 2694 Marinianis
737 2632 956 2694 tabula
976 2633 1247 2694 XXXII.
1270 2674 1289 2705 ‚
1334 2630 1714 2692 consulibus

226 2732 582 2796 Commodo
602 2737 715 2802 IV.
767 2750 833 2797 et
855 2737 924 2797 C.
953 2733 1214 2795 Aufidio
1228 2730 1572 2798 Victorino
1593 2732 1671 2790 11.
1694 2773 1711 2805 ,

228 2835 331 2916 qui
367 2858 609 2897 annum
639 2837 1142 2918 praecedentem
1188 2833 1311 2915 936
1347 2833 1707 2917 signabant.

227 2937 307 2997 At
353 2935 640 3002 observo
691 2939 884 3000 etiarn
917 2984 935 3014 ,
986 2938 1051 2999 in
1103 2937 1339 3000 eodem
1384 2953 1712 2997 marmore

229 3035 324 3097 bis
363 3039 709 3101 Commodi
748 3040 974 3101 titulos
1012 3039 1341 3112 enarrari,
1388 3050 1453 3098 et
1486 3038 1712 3119 priore

232 3138 485 3219 quidem
520 3142 673 3202 loco
703 3142 843 3201 sine
888 3140 1106 3202 addito
1127 3143 1201 3200 P.
1228 3143 1317 3200 M.
1348 3138 1563 3217 titulo,
1601 3138 1712 3220 qui

228 3250 434 3302 tamen
474 3242 689 3304 altero
732 3242 1202 3304 locoadditur.
1250 3242 1353 3301 Ex
1389 3261 1519 3323 quo
1560 3261 1750 3336 eon--

230 3337 407 3417 jicio,
450 3343 715 3405 labente
768 3342 896 3405 hoc
937 3363 1107 3404 anno
1152 3345 1232 3410 V.
1267 3343 1337 3404 C.
1382 3341 1506 3424 936
1543 3342 1713 3403 hunc

236 3440 587 3507 Commodo
631 3443 953 3517 honorem
999 3444 1353 3507 accessisse
1399 3455 1713 3526 sequente

236 3538 460 3606 deinde
543 3567 711 3609 anno
806 3559 1108 3609 monetae
1193 3544 1481 3617 illatum,
1585 3542 1714 3603 nisi

233 3641 394 3706 forte
489 3668 771 3727 arguere
863 3648 1011 3731 quis
1081 3646 1275 3720 velit,
1376 3642 1714 3728 quadrata·

237 3743 391 3806 rium
427 3750 652 3834 exigui
692 3749 1007 3834 temporis
1041 3745 1378 3831 prolepsin
1417 3746 1540 3808 sibi
1565 3764 1714 3829 per·

233 3863 491 3911 misisse.

657 4118 664 4125 ‚
719 4057 1221 4131 Imperator.

239 4183 571 4263 Imperator
593 4209 1001 4269 praenomen.

357 4353 723 4419 Secundum
744 4356 987 4442 duplex
1020 4355 1383 4441 Lampridii
1416 4355 1707 4420 testimo-

332 4671 390 4743 a)
425 4669 484 4727 in
523 4668 721 4725 Aurcl.
761 4680 901 4727 nota
939 4670 1073 4729 XX.

421 4762 598 4841 (Vol.
651 4765 825 4844 Vll.)

3179 455 3320 520 151

1835 616 2016 679 nium
2039 659 2079 704 ,'
2102 613 2281 714 quod
2333 614 2402 678 iu
2435 615 2937 701 Prolegomenis
2977 619 3058 684 ad
3088 641 3325 686 numos

1836 717 2180 779 Commodi
2216 715 2516 792 laudavi,
2585 718 2984 782 Commodus
3029 741 3175 784 curn
3216 744 3328 805 pa·

1832 830 1935 879 tre
1970 817 2180 880 dictus
2218 830 2319 880 est
2346 817 2703 901 imperator
2746 820 2851 882 die
2881 823 3148 889 XXVII.
3195 827 3327 889 No-

1828 917 2118 981 vembris
2186 921 2266 987 V.
2297 920 2370 982 C.
2416 937 2561 1002 929.
2634 921 3096 986 Tillemontius
3160 925 3329 991 haec

1831 1020 2195 1103 Lampridii
2236 1020 2436 1085 verba
2486 1021 2660 1104 capit
2700 1020 2781 1085 de
2814 1023 3006 1086 titulo
3048 1026 3330 1108 impera·

1832 1121 1998 1185 toris
2058 1142 2140 1183 ex
2200 1120 2495 1186 victoriis
2528 1127 2607 1202 ⁸).
2705 1125 2954 1190 Verum
3011 1126 3067 1187 si
3124 1126 3329 1202 istud,

1833 1237 2015 1284 certe
2046 1225 2357 1300 Aurelius
2389 1237 2576 1307 pater
2611 1222 2765 1284 inde
2817 1225 2897 1285 ab
2941 1226 3067 1290 hoc
3107 1227 3213 1289 die
3245 1227 3318 1299 in

1831 1324 2045 1385 numis
2105 1324 2440 1386 diceretur
2485 1326 2660 1384 IMP.
2701 1327 2850 1399 tx.‚
2912 1347 3058 1388 cum
3106 1341 3323 1391 tamen

1831 1423 1887 1486 is
1926 1423 1993 1484 in
2023 1423 2237 1484 numis
2275 1424 2426 1486 anni
2460 1427 2794 1508 sequentis
2837 1427 2967 1508 jam
3008 1428 3328 1491 inclinan-

1830 1526 1914 1586 tis
1947 1524 2161 1587 adhuc
2179 1538 2370 1586 vetus
2391 1547 2577 1586 suum
2614 1527 2984 1592 mavul.
3018 1530 3323 1592 retineat.

1833 1625 1977 1718 Qua
2007 1625 2089 1688 de
2122 1647 2336 1702 causa,
2384 1639 2450 1687 et
2485 1647 2633 1688 cum
2656 1641 2996 1709 praeterea
3020 1630 3331 1712 copiosos·

1827 1727 2183 1789 habeamus
2220 1728 2370 1788 anni
2399 1727 2481 1792 V.
2521 1729 2594 1790 C.
2630 1728 2757 1809 q3o
2788 1750 3057 1805 numos,
3103 1731 3171 1790 in
3188 1731 3330 1814 qui·

1828 1827 1951 1890 bus
2001 1829 2402 1892 Commodus
2463 1831 2665 1892 utitur
2715 1831 3143 1913 praenomine
3205 1835 3322 1892 im-

1820 1934 2145 2010 peratoris
2203 1944 2270 1992 et
2314 1931 2541 1992 laurea
2583 1932 2649 1991 in
2695 1932 2907 2014 capite
2947 1931 3191 2014 absque
3230 1945 3325 1994 ta·

1831 2049 1982 2090 men
2045 2029 2257 2092 adhuc
2306 2032 2588 2114 Augusti
2634 2033 2866 2107 titulo,
2914 2046 3167 2096 certum
3229 2034 3328 2096 vi-

1830 2133 2059 2206 detur,
2126 2154 2161 2194 a
2200 2132 2583 2214 Lampridio
2643 2132 2962 2216 intelligi,
3022 2135 3325 2196 Commo·

1830 2231 1985 2293 dum
2030 2247 2167 2294 tum
2214 2233 2386 2314 patri
2431 2232 2497 2293 in
2547 2234 2828 2315 imperio
2881 2234 3088 2296 fuisse
3118 2234 3327 2296 socia-

1827 2347 2002 2406 tum,
2048 2346 2114 2395 et
2158 2332 2287 2411 jam
2333 2334 2800 2416 imperatorem
2846 2333 2975 2398 dici
3023 2335 3329 2418 coepisse

1830 2436 2031 2498 dilato
2086 2433 2297 2496 adhuc
2354 2433 2751 2516 aliquamdiu
2793 2437 3074 2519 Augusti
3130 2456 3325 2499 voca-

1828 2535 2011 2597 bulo.
2075 2534 2239 2596 Cum
2303 2534 2520 2598 numis
2569 2535 2946 2618 conspirant
2997 2557 3324 2599 marmora

1828 2637 2105 2700 sincera.
2190 2635 2300 2697 Sic
2347 2635 2414 2696 in
2467 2654 2599 2710 eo,
2663 2635 2838 2719 quod
2893 2635 2972 2697 ab
3006 2634 3327 2712 Oderico,

1830 2739 1975 2800 viro
2035 2735 2523 2810 eruditissimo,
2583 2736 2838 2818 accepit
2888 2737 3183 2798 Donatus
3232 2734 3323 2817 b)‚

1830 2851 1899 2900 ct
1972 2852 2074 2899 est
2126 2838 2276 2900 anni
2322 2837 2413 2900 V.
2441 2838 2514 2899 C.
2572 2837 2736 2916 930,
2800 2837 3081 2918 legitur:
3144 2840 3326 2902 IMP.

1832 2940 2072 3003 CAES.
2160 2941 2237 3000 L.
2317 2938 2743 3005 AVRELIO.
2834 2935 3321 3003 COMMODO.

1832 3039 2023 3103 COS.
2089 3059 2444 3122 suppresso
2508 3040 2719 3102 adhuc
2777 3040 3054 3119 Augusti
3109 3041 3325 3101 titulo.

1829 3139 2076 3203 Eadem
2118 3141 2374 3201 ratione
2408 3141 2772 3200 Antoninus
2815 3141 2972 3201 Pius
2995 3141 3061 3200 in
3094 3141 3327 3223 primis

1830 3242 1964 3301 suis
2007 3242 2221 3301 numis
2273 3239 2578 3324 praefixit
2628 3240 2888 3301 titulum
2921 3242 3132 3315 IMR,
3199 3242 3327 3304 etsi

1829 3344 2163 3423 Augustus
2198 3342 2486 3403 nondum
2527 3354 2722 3402 esset.
2754 3334 2757 3345 '
2792 3339 2986 3431 Quod
3021 3342 3327 3402 Commo·-
3402 3328 3419 3337 ’

1833 3442 1952 3503 d-us
2011 3442 2078 3502 in
2132 3442 2361 3523 primis
2408 3440 2540 3502 suis
2587 3439 2735 3500 anni
2785 3440 2911 3519 930
2952 3428 3324 3502 numis'illo

1829 3543 2175 3618 abstinuit,
2261 3541 2403 3622 ejus
2482 3540 2853 3605 verisimilis
2915 3560 3105 3601 causa
3175 3541 3329 3616 erit,

1830 3644 2007 3730 quod
2040 3644 2148 3711 hic
2195 3643 2458 3729 quidem
2501 3642 2712 3704 honos
2746 3641 2807 3703 ei
2845 3639 3023 3702 dicto
3048 3639 3153 3702 die
3173 3642 3325 3703 anni

1826 3747 2285 3831 praecedentis
2326 3746 2526 3807 fuerit
2548 3743 2888 3817 decretus,
2921 3754 2998 3803 at
3028 3743 3317 3825 aliquan·

1826 3862 1896 3909 to
1938 3848 2148 3908 serius
2185 3867 2305 3928 per
2340 3845 2635 3929 publicas
2678 3843 3112 3905 caerimonias
3129 3842 3327 3905 stabi·

1827 3950 2018 4023 litus,
2083 3961 2150 4009 et
2194 3948 2259 4007 in
2294 3968 2480 4008 usum
2517 3958 2846 4025 receptus,
2894 3943 3077 4023 cujus
3103 3962 3323 4005 exem-

1826 4050 1933 4131 pla
1966 4048 2094 4131 jam
2133 4047 2294 4108 alias
2323 4048 2519 4129 plura
2537 4046 2839 4105 vidimus.
2889 4045 3085 4106 Certe
3116 4043 3319 4105 iidem

1824 4147 2170 4215 Commodi
2187 4147 2372 4210 numi
2405 4147 2731 4229 principio
2768 4145 3058 4222 anniq3o
3083 4144 3323 4229 signati

1822 4252 2239 4317 tribuniciam
2272 4254 2534 4333 quoque
2579 4260 2973 4330 potestatem
3010 4246 3318 4322 reticent,
3401 4321 3425 4339 .

1822 4376 1952 4440 quo
1995 4368 2214 4417 tamen
2241 4366 2543 4435 tempore
2573 4369 2648 4411 ea
2686 4330 2875 4409 illum
2926 4347 3307 4413 decoratum

1218 4669 1285 4743 b>
1326 4665 1406 4726 ad
1441 4667 1613 4763 Tbes.
1652 4666 1866 4728 Mutat,
1901 4685 1966 4742 p.
1987 4676 2133 4727 171.
