4652 5937
1218 467 1840 561 namnam,
1916 465 2511 543 PVPIENVS.

3277 493 3417 556 505

1174 757 1732 821 BALBINVS
1809 758 1963 819 ET*
2015 754 2570 819 PVPIENVS.

470 958 707 1022 Audito
730 959 983 1018 Romae
1004 952 1485 1018 Gordianorum
1520 954 1585 1015 iu
1605 953 1828 1017 Africa

338 1062 646 1137 interitu,
693 1072 760 1122 et
796 1056 1155 1120 Maximino
1192 1076 1341 1119 cum
1386 1053 1604 1117 valido
1640 1075 1828 1117 exer-

341 1165 477 1226 citu
545 1161 770 1225 Italiae
841 1159 1224 1220 imminente
1299 1170 1561 1218 senatus
1631 1157 1833 1239 trepi-

339 1267 460 1329 ‹lus
505 1267 573 1327 in
632 1262 952 1348 templum
1008 1260 1180 1324 Iovis
1241 1256 1590 1341 Capitolini
1635 1256 1831 1321 advo-

338 1369 471 1444 lat,
526 1384 832 1449 novoque
882 1362 1195 1454 ‘exemplo
1270 1359 1434 1421 duos
1493 1361 1829 1441 Augustos

336 1475 609 1551 aequata
649 1478 976 1551 potestate
1025 1478 1207 1526 creat
1258 1460 1562 1525 Clodium
1609 1460 1830 1523 Balbi·

255 1633 273 1649 ,
334 1591 532 1644 num,
578 1582 646 1630 et
690 1567 1047 1641 Maximum
1089 1563 1482 1648 Pupienum.
1553 1566 1716 1625 Erat
1751 1564 1830 1626 il·
1858 1578 1870 1592 ⁶

338 1671 407 1732 le
445 1689 693 1755 genero
724 1668 1209 1742 nobilissimus,
1255 1665 1627 1749 iterumque
1674 1685 1830 1728 con·

340 1772 482 1846 sul,
548 1784 616 1833 et
661 1771 1013 1833 multarum
1088 1783 1273 1830 antea
1338 1765 1826 1852 provinciarum

337 1886 605 1949 rector,
664 1893 739 1935 ac
784 1860 1050 1956 praeter
1091 1884 1409 1932 vetustam
1453 1868 1825 1953 prosapiam

337 1977 519 2056 (nam
583 1994 792 2060 genus
854 1972 1098 2035 ducere
1160 1993 1198 2032 a
1259 1971 1570 2036 Cornelio
1613 1971 1825 2033 Balbo

335 2078 741 2163 Theophane
803 2073 1235 2149 credebatur,
1295 2072 1409 2157 qui
1464 2093 1590 2156 per
1630 2072 1827 2136 Pom⁸

333 2180 556 2264 peium
619 2182 713 2246 Μ.
755 2178 1105 2242 civitatem
1162 2176 1524 2255 meruerat)
1584 2196 1621 2237 a
1687 2194 1827 2238 moi

339 2281 715 2358 deratione,
762 2276 1193 2342 sanctimonia
1230 2276 1441 2354 vitae,
1502 2275 1826 2352 facundia,

337 2398 472 2447 tum
526 2399 593 2447 et
635 2382 870 2466 opibus
917 2377 1334 2453 domesticis,
1379 2391 1448 2442 et
1476 2398 1699 2442 rerum
1730 2379 1829 2442 fo'·

332 2486 625 2548 rensium
673 2483 943 2545 scientia
991 2480 1503 2545 commendatus.
1574 2484 1661 2544 At
1699 2486 1829 2544 Pu-

338 2587 538 2669 pieno
566 2586 785 2648 nullus
816 2582 1169 2667 imaginum
1200 2581 1548 2668 splendor,
1593 2602 1825 2647 verum

337 2686 568 2751 infimo
627 2688 781 2749 loco
842 2698 1030 2747 natus
1072 2704 1195 2769 per
1248 2684 1520 2748 militiae
1564 2685 1827 2749 laudem

338 2788 588 2865 crevit,
668 2808 797 2872 quo
852 2791 1118 2854 nomine
1194 2811 1481 2854 summos
1557 2789 1622 2851 in
1685 2808 1829 2871 rep.

340 2890 793 2976 magistratus,
849 2904 1042 2976 atque
1104 2893 1314 2978 ipsum
1359 2892 1552 2955 etiam
1599 2910 1833 2953 consu·

340 2990 556 3054 latum'
590 3007 691 3054 est
740 2993 1034 3078 adeptus.
1111 2998 1416 3059 Ceterum
1464 3014 1587 3079 per
1617 2984 1875 3055 incor·‘

336 3107 570 3178 ruptos
626 3115 886 3171 mores,
954 3111 1019 3159 et
1081 3097 1365 3160 innatam
1410 3095 1830 3159 severitatem

342 3195 593 3278 populo
651 3211 899 3258 amatus
951 3209 1235 3283 aeque,'
1276 3220 1354 3263 ac
1419 3193 1829 3260 formidatus.

339 3294 632 3379 Vulgato
669 3312 930 3361 senatus
964 3299 1210 3382 judicio
1245 3322 1379 3363 non
1429 3298 1680 3383 quievit
1713 3316 1831 3382 po·

340 3397 571 3490 Palus,
619 3398 771 3461 dum
811 3401 1180 3465 Gordianus
1210 3421 1379 3485 puer
1411 3399 1688 3462 senioris
1719 3417 1833 3461 ne-

339 3518 461 3580 pos
506 3502 750 3580 (tantus
801 3503 940 3565 erat
999 3503 1140 3587 ejus
1191 3506 1258 3566 in
1300 3502 1669 3566 Gordianos
1723 3499 1834 3563 ad·

338 3599 586 3682 fectus)
666 3605 962 3668 Caesaris
1029 3607 1295 3671 nomine
1382 3604 1830 3692 insigniretur.

326 3700 513 3797 'Quo
535 3703 711 3767 facto
762 3708 1094 3792 Pupienus
1139 3707 1221 3771 ad
1253 3707 1504 3771 bellum
1539 3705 1836 3769 Maximi·

345 3821 432 3865 no
452 3801 824 3869 faciendum
859 3828 1164 3892 egressus
1182 3811 1463 3873 Balbino
1482 3810 1562 3873 ad
1597 3807 1832 3872 urbem

342 3922 768 3990 remanente,
817 3929 1181 3995 gravesque
1221 3911 1615 3984 seditiones,
1663 3897 1831 3994 quae

345 4006 590 4070 milites
632 4010 808 4075 inter
866 3995 967 4074 ac⁸
1001 4011 1319 4095 populu‘m
1379 4025 1647 4074 exortae
1678 4009 1833 4073 ‘fue-

346 4124 541 4187 tant,-
583 4130 922 4196 perpesso.
985 4115 1191 4176 Caeso
1234 4112 1408 4175 inter
1450 4112 1619 4175 haec
1659 4111 1832 4197 apud

346 4205 719 4295 Aquileiam
757 4214 1111 4276 Maximino
1156 4215 1529 4298 Pupienus,
1592 4215 1703 4299 qui
1750 4213 1830 4276 ad

345 4313 703 4393 parandum
732 4315 978 4377 bellum
1012 4320 1360 4380 Ravennae
1390 4316 1702 4380 hactenus
1732 4333 1835 4376 re·-

348 4414 548 4489 stitit,
595 4433 904 4479 reversus
940 4419 1005 4478 in
1047 4418 1319 4496 urbem,
1364 4433 1431 4482 et
1456 4415 1832 4481 incredibili

348 4513 598 4578 laetitia
642 4538 677 4578 a
708 4519 984 4601 conlega
1026 4520 1344 4597 Balbino,
1381 4521 1831 4606 patribusque,

350 4636 425 4680 ac
459 4618 706 4703 populo
753 4634 1068 4703 exceptus
1123 4635 1245 4687 est.
1315 4626 1401 4688 At
1439 4642 1568 4687 non
1622 4620 1830 4685 multo

542 4824 719 4901 (ναι.
771 4823 945 4905 711.)

1940 964 2094 1036 post
2145 952 2391 1015 milites
2442 950 2664 1038 aegri,
2725 954 2902 1037 quod
2954 960 3108 1022 novi
3158 960 3437 1046 Augusti

1940 1072 2071 1115 non
2108 1075 2146 1116 a
2194 1073 2304 1131 se,
2351 1056 2469 1118 sed
2516 1073 2744 1122 senatu
2781 1063 2935 1125 lecti
2984 1078 3240 1139 essent,
3288 1086 3437 1127 cum

1944 1162 2161 1239 neque‘
2212 1156 2340 1241 ipsi
2386 1153 2690 1223 inter‘se
2749 1164 2902 1224 satis
2962 1166 3438 1248 conspirarent,

1946 1266 2135 1340 capta
2185 1261 2535 1324 occasione
2571 1264 2877 1326 ludorum
2916 1265 3436 1350 Capitolium-um

1944 1357 2170 1419 ambos
2222 1362 2401 1423 omni
2467 1366 2650 1447 prius
2698 1349 3093 1429 contumelia
3141 1366 3437 1432 adfectos

1941 1458 2349 1527 interficiunt
2373 1467 2454 1535 V.
2477 1467 2547 1529 C.
2576 1487 2689 1549 99¹
2724 1474 3005 1532 exeunte
3037 1469 3440 1552 Iulio,‘post·

1945 1560 2135 1644 quam
2187 1564 2539 1649 imperium
2587 1570 2651 1631 in
2699 1581 2990 1632 mensem
3033 1572 3302 1635 tertium
3347 1584 3442 1631 te·

1940 1683 2190 1742 nuere,
2237 1680 2309 1729 ut
2345 1689 2541 1752 supra
2585 1672 2648 1731 in
2687 1674 3044 1736 Maximino
3077 1673 3437 1737 verisimile

1945 1765 2107 1832 dixi.
2147 1767 2318 1840 Vide
2348 1770 2835 1851 Herodianum,
2881 1789 2948 1837 et
2976 1774 3434 1860 Capitolinum.

2369 1978 2572 2040 Numa·
2613 1964 2999 2042 BALBINI.
3081 2011 3091 2014 <

2291 2081 2367 2139 V.
2417 2084 2478 2142 C.
2520 2089 2674 2145 991.-
2712 2084 2787 2143 Ρ.
2832 2083 2914 2140 Χ.
2958 2087 3105 2144 238.

2159 2179 2286 2239 m.
2342 2182 2412 2240 Ρ.
2462 2182 2644 2243 COS.
2688 2184 2780 2246 11.
2823 2186 2893 2242 P.
2939 2184 3026 2242 M.
3060 2184 3130 2242 P.
3161 2185 3234 2246 Ρ.

2108 2281 2236 2341 As.
2279 2284 2402 2344 Pio
2419 2326 2437 2359 ‚
2483 2286 2801 2347 Pontiano
2825 2286 3090 2347 Proculo
3134 2303 3265 2346 cos.

1940 2476 2021 2539 A.
2222 2472 2401 2547 ῙΜΡ.
2448 2485 2691 2550 CAES.
2731 2487 2814 2548 D.
2854 2485 3101 2550 CAEL.
3145 2486 3464 2565 BALBIq

2223 2586 2347 2653 NV
2352 2587 2418 2648 S.
2460 2589 2661 2655 AVG.
2723 2592 2924 2669 Caput
2982 2593 3307 2653 radiatum
3367 2595 3440 2653 in

2226 2691 2368 2750 AR.
2401 2696 2553 2767 maj.
2591 2695 2756 2752 mod.
2791 2702 2858 2753 et
2879 2697 3023 2753 ΑΕ.
3057 2695 3149 2754 ΙΙ.

1942 2788 2022 2851 B.
2225 2790 2402 2850 lMP.
2453 2790 2693 2854 CAES.
2744 2792 2833 2853 D.
2866 2790 3116 2855 CAEL.
3146 2792 3440 2855 BALBI·

2226 2891 2422 2959 NVS.
2464 2893 2664 2959 AVG.
2724 2896 2924 2972 Caput
2967 2894 3326 2958 laureatum
3367 2900 3438 2957 in

2230 2999 2373 3057 Aa.
2406 2998 2560 3056 min.
2597 2999 2761 3056 mod.
2800 3001 2866 3057 e!
2894 3000 3038 3058 AB.
3073 2999 3125 3058 1.

1948 3099 2023 3162 C.
2222 3099 2402 3159 IMP.
2454 3098 2523 3158 C.
2558 3099 2640 3156 D.
2684 3097 2934 3160 CAEL.
2980 3097 3438 3165 BALBINVS.

2226 3200 2430 3264 AVG.
2481 3203 2683 3280 Caput
2711 3202 3068 3263 laureatum
3100 3204 3174 3262 in
3203 3199 3348 3266 AV.
3378 3198 3444 3264 εἰ

2228 3303 2367 3361 AR.

2669 3403 2708 3439 0

2835 3444 2874 3483 fi

2504 3443 2543 3482 „¹
2627 3449 2638 3458 .

2236 3504 2320 3563 Vt
2355 3505 2451 3564 lit.
2487 3508 2569 3564 A.
2607 3511 2672 3563 et
2707 3506 2779 3565 B.

1944 3603 2228 3668 AMOR.
2260 3603 2653 3669 MVTVVS.
2685 3601 2947 3670 AVGG.
3001 3606 3185 3667 Duae
3221 3609 3438 3667 demto·-

1944 3728 2061 3770 rae
2085 3710 2379 3784 junctae.
2432 3703 2573 3772 AV.
2631 3707 2882 3789 (Beger
2936 3704 3138 3769 Thes.
3181 3706 3430 3769 Brand.

1948 3811 2026 3870 Τ.
2063 3809 2145 3868 11.
2196 3829 2260 3890 p.
2307 3804 2470 3884 723,
2518 3809 2636 3870 sed
2688 3808 2873 3892 cujus
2920 3807 3084 3870 mihi
3133 3821 3431 3892 suspecta

1944 3905 2164 3987 fides.)
2205 3911 2347 3971 AR.
2396 3910 2660 3990 (Vaiu.)

2144 4095 2145 4098 Ἴ
2228 4016 2476 4073 Eadem
2517 4016 2809 4074 adversa.

1948 4113 2340 4177 CARITAS.
2380 4115 2711 4180 MV'rVA.
2754 4108 3011 4175 AVGG·
3063 4112 3253 4175 Duae
3284 4115 3439 4174 dex·

1947 4226 2123 4280 {erae
2147 4221 2430 4288 iunctae.
2477 4217 2613 4276 AR.
2663 4211 2922 4291 (Vaill.)
3151 4238 3160 4246 ·

2230 4321 2480 4379 Eadem
2522 4309 2812 4377 aduersa.

1944 4417 2228 4481 FIDES.
2260 4420 2592 4488 MVTVA.
2618 4417 2877 4483 AVGG.
2920 4422 3106 4488 Duae
3139 4423 3442 4482 dexterae

1931 4527 2228 4602 junctae.
2272 4521 2412 4582 AR.
2459 4521 2663 4598 (Mus.
2700 4519 2919 4601 Caes.)

2220 4627 2468 4686 Eadem
2497 4627 2790 4686 adversa.

2890 4824 3035 4917 Q‘t
