4652 5937
1178 4617 1182 4621 Α
1263 4565 1338 4636 h)
1375 4560 1521 4627 Tab,
1559 4554 1661 4621 lvss
1684 4556 1797 4621 'lint
1829 4560 1892 4615 L.

1278 392 1454 496 δεῖ

1277 586 1485 678 Caput
1562 580 1901 676 barbatum
1978 566 2269 662 ‘velatum
2344 583 2760 679 prominente

1272 715 1451 778 pone
1493 696 1696 779 harpa
1737 697 2046 780 imposito
2093 716 2378 781 superne
2424 696 2648 781 globo,
2696 696 2764 757 in

1269 785 1526 878 jaspide
1562 799 1948 882 sanguinea,
1996 797 2171 860 edita
2213 796 2280 857 in
2323 799 2524 861 Mem.
2560 797 2759 860 Acad.

1271 881 1475 960 inser.
1516 900 1593 960 Τ.
1633 901 1682 960 1.
1719 920 1785 981 p.
1820 915 1962 979 279.
2010 898 2225 960 Simili
2270 898 2453 960 cultu
2503 917 2764 982 compa-

1268 1010 1378 1058 ret
1420 998 1488 1058 in
1546 1019 1747 1060 numo
1792 998 2238 1062 Alexandrino
2283 998 2595 1061 Antonini
2637 996 2761 1074 Pii,

1147 1163 1156 1174 q
1269 1114 1466 1178 quem
1488 1098 1828 1180 eleganter
1848 1100 2130 1184 explicat
2150 1089 2651 1180 Barthelemyus
2683 1100 2762 1179 ⁸).

1270 1198 1348 1258 In
1378 1199 1506 1265 alio
1540 1198 1835 1279 ejusdem
1867 1199 2146 1284 Augusti
2165 1200 2613 1264 Alexandrino
2639 1215 2765 1264 stat

1270 1299 1578 1382 palliatus
1636 1302 1890 1366 velatus
1949 1321 2096 1362 cum
2157 1302 2357 1385 globo
2422 1324 2615 1385 supra
2663 1322 2766 1363 ca-

1269 1415 1393 1483 put
1437 1423 1486 1462 s.
1533 1403 1836 1485 harpam,
1901 1402 1978 1465 d:
2022 1403 2466 1478 crocodilum,
2525 1421 2765 1486 nempe

1269 1514 1346 1561 nt
1405 1501 1655 1585 aliquid
1710 1502 1982 1565 haberet
2036 1503 2343 1585 Aegyptii
2376 1500 2461 1580 ι>).
2537 1506 2767 1584 Caput,

1271 1597 1452 1682 quod
1494 1599 1730 1683 jaspidi
1775 1604 2168 1686 insculptum
2218 1605 2375 1679 dixi,
2410 1602 2768 1665 Gallandus

1271 1699 1564 1761 adseruit
1609 1721 1753 1764 esse
1797 1682 2142 1777 Plutoniss
2172 1717 2236 1765 at
2280 1705 2457 1786 quod
2501 1704 2767 1779 mirere,

1272 1799 1805 1864 Montfauconius
1851 1807 1942 1865 M.
1989 1802 2264 1881 Aurelii.
2343 1806 2554 1897 Quam
2604 1806 2767 1866 mira

1275 1912 1346 1961 et
1409 1899 1688 1964 absurda
1747 1903 1812 1963 in
1877 1894 2256 1967 eo'viderit
2312 1905 2764 1980 Baudelotius,

1271 2001 1459 2085 piget
1502 2000 1780 2088 referre.
1853 2006 1952 2080 In,
1973 2003 2256 2065 denariis
2304 2005 2597 2087 gentium
2639 2007 2767 2067 Ne·

1273 2103 1416 2165 riae
1452 2116 1518 2165 et
1550 2104 1803 2165 Noniae
1838 2103 2123 2167 habetur
2154 2120 2348 2187 caput
2380 2104 2628 2167 nudum
2662 2105 2769 2166 ad·

1275 2202 1412 2267 dita
1443 2224 1618 2286 pone
1653 2204 1883 2288 harpa.
1924 2204 2134 2300 Quam
2170 2206 2561 2269 inconcinne
2592 2207 2769 2301 Vail·

1273 2304 1518 2367 lantius
1564 2317 1629 2365 et
1669 2298 2161 2390 Havercampus
2205 2305 2375 2375 illud
2418 2325 2563 2369 esse
2594 2306 2767 2367 Ditis

1274 2402 1793 2482 adfirmaverint,
1856 2407 1924 2468 in
1981 2426 2208 2469 eorum
2263 2408 2562 2469 examine
2608 2405 2765 2484 dixi,

1272 2506 1621 2582 restituto,
1660 2520 1731 2568 ut
1763 2508 2145 2593 oportebat,
2187 2509 2503 2584 Saturno,
2540 2522 2609 2572 et
2644 2522 2769 2570 sta·

1272 2604 1464 2668 bilita
1506 2628 1733 2684 causa,
1777 2622 2053 2692 propter
2097 2630 2288 2691 quam
2334 2609 2438 2671 his
2483 2610 2767 2673 denariis

1270 2696 1377 2767 est
1410 2707 1652 2770 illatus.
1695 2710 1771 2769 ln
1807 2728 2136 2771 marmore
2179 2711 2547 2793 anaglypho
2595 2710 2769 2792 apud

1274 2806 1596 2889 Sponium
1627 2808 1687 2888 c)
1720 2821 1930 2870 exstat
1970 2822 2163 2891 caput
2205 2808 2546 2871 barbatum
2594 2809 2767 2871 vela·

1270 2918 1413 2968 tum
1457 2906 1763 2971 adstituta
1805 2908 2044 2991 harpa,
2092 2908 2210 2970 sed
2253 2893 2447 2992 quam
2481 2910 2764 2993 Sponius

1165 3003 1173 3010 ’
1267 3008 1546 3069 invitam
1620 3009 1796 3069 inter
1875 3003 2049 3069 Solis
2126 3007 2437 3072 attributa
2509 3010 2761 3074 retulit.

1270 3109 1499 3191 Harpa
1571 3121 1856 3171 armatus
1917 3124 2257 3192 comparet
2317 3108 2636 3188 Saturnus
2695 3104 2765 3171 in

1271 3207 1484 3272 choro
1543 3211 1797 3298 septem
1870 3212 2146 3274 deorum
2214 3212 2663 3296 planetarum,
2727 3233 2766 3275 a

1272 3309 1510 3392 quibua
1578 3311 2029 3376 hebdomadae
2096 3310 2241 3375 dies
2312 3312 2596 3375 nomina·
2651 3334 2805 3375 sua·

1275 3423 1426 3473 sunt
1468 3414 1778 3489 mutuati,
1823 3404 1988 3503 quos
2030 3414 2406 3499 propositos
2448 3412 2652 3475 habes
2695 3413 2765 3472 in

1267 3511 1560 3574 Picturis
1600 3515 2204 3590 Herculanensibus
2239 3515 2339 3596 d),
2386 3526 2452 3574 et
2486 3514 2554 3573 in
2590 3512 2765 3575 The·

1272 3630 1350 3673 ca
1378 3613 1580 3696 regia
1616 3614 1995 3689 calumnia,
2035 3637 2071 3678 a
2104 3616 2342 3679 Iacobo
2372 3614 2764 3675 Martorello

1271 3718 1417 3774 toto
1453 3714 1841 3777 eruditionis
1874 3716 2023 3778 nisu
2065 3715 2411 3801 explicata.
2455 3714 2761 3798 Denique

1269 3814 1651 3903 complures
1697 3816 1960 3878 Saturni
2003 3815 2264 3900 effigies
2319 3813 2402 3878 ad
2444 3835 2766 3878 memora·

1267 3930 1411 3981 tum
1454 3937 1650 4003 supra
1683 3939 1938 3981 morem
1973 3931 2231 3983 exactas
2259 3908 2560 4000 reperies
2590 3915 2764 4001 apud

1265 4018 1852 4114 winkelmannum
1886 4021 1974 4100 θ).

2866 3922 3048 3981 ϋόω
3087 3914 3159 3997 ¹).

2423 399 3272 506 VALERIAJNVS5

2878 614 2992 671 ea,
3039 592 3302 657 Saturni
3344 591 3616 674 harpam
3661 587 3727 650 in
3774 587 4166 652 melioribus
4214 587 4417 650 anti-

2877 696 3140 782 quitatis
3202 690 3638 774 monumentis
3696 687 4038 752 formatam
4087 709 4241 751 esse
4288 689 4424 749 in·

2878 810 3012 859 star
3055 796 3332 880 harpae,
3396 812 3563 879 quae
3606 794 3857 854 Perseo
3905 791 4098 853 heroi
4139 782 4414 853 tribui-

2877 910 3025 974 tur,
3085 897 3154 957 in
3215 896 3399 963 binas
3460 888 3765 977 cuspide's
3823 891 4155 965 exeuntis,
4224 912 4416 975 qua·

2877 1018 3025 1058 rum
3062 1018 3188 1058 una
3224 1007 3569 1073 curvatur3
3605 995 3816 1056 rarius
3855 994 4054 1056 habet
4086 993 4406 1055 formam

2879 1095 3076 1159 cultri
3108 1095 3424 1177 simplicis
3459 1094 3804 1171 brevioris,
3841 1096 3959 1157 sed
3994 1093 4183 1175 hujus
4212 1113 4405 1178 quo·

2879 1217 3007 1282 que
3052 1211 3317 1260 curvata
3357 1197 3648 1281 cuspide.
3694 1195 3913 1259 Minus
3953 1196 4036 1260 ad
4069 1209 4399 1259 veterem

2878 1298 3157 1361 formam
3213 1291 3585 1361 exactaest
3626 1297 3762 1359 falx
3805 1298 3871 1358 in
3916 1319 4115 1360 numo
4158 1298 4395 1358 Hera·

2880 1400 3064 1461 eleae
3109 1420 3257 1461 cum
3304 1399 3516 1481 capite
3560 1397 3939 1482 Elagabali,
3990 1413 4185 1482 quem
4230 1393 4392 1460 vul·

2879 1499 3057 1584 gavit
3097 1499 3365 1560 Patinua
3409 1496 3496 1577 s),
3542 1498 3612 1559 in
3655 1520 3785 1586 quo
3829 1498 4102 1583 fingitur
4146 1499 4388 1561 Satur·

2878 1623 3000 1663 nus
3060 1601 3266 1663 alatus
3328 1597 3671 1681 gradiens,
3730 1612 3798 1661 et
3854 1614 4132 1682 utraque
4176 1597 4398 1663 manu*

2880 1714 3112 1763 tenens
3166 1700 3407 1762 falcem
3466 1699 3757 1783 oblongo
3800 1700 4141 1762 manubrio
4184 1711 4388 1783 prae·

2881 1800 3075 1863 fixam
3112 1801 3253 1884 ejus
3284 1801 3479 1884 plane
3509 1798 3784 1876 formae,
3817 1821 3943 1882 qua
3970 1799 4170 1862 hodie
4202 1819 4384 1862 mes·

2882 1921 3067 1964 sores
3109 1901 3253 1963 ruri
3295 1920 3461 1982 opus
3502 1900 3725 1962 facere
3770 1898 4091 1963 videmus.
4148 1901 4387 1963 Enim·

2880 2022 3044 2066 vero
3103 2022 3253 2065 cum
3308 2021 3391 2064 ex
3445 2016 3800 2085 praecepto
3845 2001 4113 2085 Virgilii
4174 2021 4414 2085 opor—v

2880 2101 3015 2165 teat
3073 2101 3427 2165 vinitorem
3486 2121 3678 2165 curvo
3720 2106 3994 2165 Saturna·
4033 2106 4220 2166 dente
4259 2101 4380 2163 ad·
4424 2184 4430 2187 1

2881 2201 3160 2265 tondere
3239 2188 3573 2281 vitonis),
3647 2202 4118 2285 intelligimus,
4204 2203 4379 2266 hanc

2881 2302 3119 2365 falcem
3165 2301 3370 2365 fuisse
3414 2302 3556 2382 ejus
3599 2316 3907 2380 naturae,
3951 2317 4024 2366 ut
4067 2318 4198 2367 usna
4240 2326 4380 2367 ma·

2880 2424 2970 2464 nu
3014 2404 3212 2466 facile
3254 2418 3623 2486 regeretur.
3668 2406 3742 2464 In
3786 2418 4137 2488 argenteo,
4171 2424 4374 2489 quem

2882 2504 3091 2566 edidit
3122 2503 3469 2567 Morellius
3506 2504 3680 2567 inter
3712 2499 4038 2578 incertos,
4078 2525 4242 2589 quoa
4275 2505 4373 2569 fa·

2882 2604 3211 2666 miliarum
3256 2605 3472 2666 numia
3506 2605 3575 2665 in
3609 2602 3741 2666 fine
3787 2603 4028 2682 adfecit
4057 2606 4111 2684 ¹¹)
4135 2650 4152 2680 ‚
4199 2607 4371 2690 capi·

2882 2705 2931 2766 ti
2994 2705 3259 2768 Saturni
3332 2704 3685 2788 oblongior
3758 2704 4055 2788 ejusdem
4114 2706 4367 2777 formae

2879 2805 3017 2866 falx
3075 2804 3484 2884 adstituitur,
3513 2807 3706 2875 ,item
3762 2806 3828 2865 in
3876 2807 4155 2894 gemmis
4198 2806 4368 2891 apud

2879 2907 3257 2972 Mariettum
3302 2905 3389 2991 i),
3466 2920 3535 2970 et
3620 2905 3746 2968 alia
3785 2907 3991 2992 apud
4067 2904 4363 2972 abbatem

2880 3002 3225 3072 Braccium
3255 3007 3345 3091 k),
3420 3010 3672 3076 Verum
3715 3009 3879 3072 haec
3924 3025 4359 3086 monumenta,

2879 3109 3005 3171 etsi
3068 3100 3342 3195 *antiqua
3416 3095 3684 3186 demus,
3754 3112 4147 3175 recentioris
4217 3125 4362 3178 sunt

2878 3211 3024 3274 aevi
3043 3252 3061 3286 ‚
3108 3224 3176 3274 et
3207 3210 3383 3274 forte
3414 3210 3653 3273 horum
3685 3211 4000 3296 pleraque
4041 3213 4199 3275 artis
4230 3232 4359 3276 mo·

2880 3310 3149 3376 (lernae.
3230 3303 3311 3375 In⁴
3348 3311 3633 3374 denariis
3678 3312 3971 3394 gentium
4015 3313 4357 3377 Memmiae

2878 3425 2947 3476 et
3006 3412 3327 3477 Serviliae
3384 3412 3788 3495 Caepionum
3846 3414 4111 3481 Saturni
4164 3413 4359 3498 harpa

2880 3525 2980 3576 est
3008 3512 3216 3575 instar
3249 3513 3445 3575 cultri
3478 3505 3734 3578 incurvi
3763 3516 4029 3592 serrati,
4063 3534 4181 3578 aeu
4211 3510 4379 3579 den-⁷

2876 3614 3013 3677 tati.
3057 3613 3340 3683 Videtur
3383 3611 3549 3677 hae'c
3590 3612 3806 3687 forma
3849 3616 4142 3678 omnium
4183 3630 4355 3682 vetu-

2877 3713 3179 3777 stissima.
3235 3717 3371 3777 Iam
3417 3714 3593 3777 enim
3634 3714 3967 3778 Hesiodus
4011 3736 4157 3780 eam
4200 3717 4356 3781 dixit

2875 3807 3373 3901 καρχαρόδοντα,
3408 3815 3479 3878 id
3509 3830 3642 3880 est:
3677 3816 3916 3881 falcem
3945 3824 4192 3898 asperia
4216 3826 4355 3883 deu·

3220 3918 3406 4014 Quae
3451 3936 3644 3980 causa
3686 3913 3926 3994 fuerit,
3972 3941 4094 3984 cur
4132 3921 4356 3984 Nican·
4406 3962 4414 3968 -

2877 4016 2999 4080 der
3039 4015 3423 4081 horrentem
3458 4018 3848 4102 perniciosis
3887 4019 4191 4101 dentibus
4224 4023 4358 4107 bip·

1395 4115 2067 4187 Animadvertendum
2106 4120 2236 4185 hoc
2274 4119 2429 4187 loco
2469 4134 2765 4207 praeter·
2873 4121 3209 4204 popotami
3250 4121 3581 4183 maxillam
3616 4120 3860 4205 harpae
3899 4119 4223 4188 adsimilat
4247 4127 4353 4204 ἠς

1266 4474 1385 4532 tab.
1428 4484 1519 4537 50.

2075 4558 2128 4630 i)
2164 4563 2317 4618 Part.
2359 4561 2432 4618 ΙῙ.
2471 4573 2529 4620 11³.
2568 4572 2620 4623 2.
2659 4570 2711 4626 3.

1644 4697 1658 4707 ,
1700 4651 1792 4722 ω)
1831 4646 2100 4708 Theriac.
2140 4668 2194 4712 v.
2233 4651 2364 4715 ⁵66.

1268 4672 1324 4713 v.
1366 4661 1487 4715 175.

3939 4345 4011 4460 d)
4046 4386 4214 4446 Tom.
4250 4385 4359 4460 111‚..

3060 4424 3073 4438 .
3236 4381 3297 4456 c)
3336 4380 3582 4441 Miscell.
3621 4403 3682 4461 p.
3720 4394 3775 4448 3.

2844 4472 2899 4546 s>
2941 4466 3115 4529 Num.
3155 4469 3339 4549 impp.
3379 4490 3438 4546 p.
3478 4474 3605 4536 266.
3764 4475 3830 4549 g)
3864 4473 4191 4554 Geo'rg.‚11.
4224 4480 4345 4543 406.

2898 4561 2970 4646 k)
3006 4558 3081 4620 de
3118 4571 3235 4619 ant.
3273 4560 3624 4638 scalptorib.
3662 4584 3724 4640 p.
3766 4574 3889 4628 153.
4050 4565 4101 4639 1)
4140 4567 4351 4645 Theog.
