<?xml version="1.0" encoding="UTF-8"?>
<!DOCTYPE html PUBLIC "-//W3C//DTD XHTML 1.0 Transitional//EN"
    "http://www.w3.org/TR/xhtml1/DTD/xhtml1-transitional.dtd">
<html xmlns="http://www.w3.org/1999/xhtml" xml:lang="en" lang="en">
 <head>
  <title>
</title>
<meta http-equiv="Content-Type" content="text/html;charset=utf-8" />
  <meta name='ocr-system' content='tesseract 3.04.00' />
  <meta name='ocr-capabilities' content='ocr_page ocr_carea ocr_par ocr_line ocrx_word'/>
</head>
<body>
  <div class='ocr_page' id='page_1' title='image "./doctrinanumorum05hohlgoog_0241.png"; bbox 0 0 4652 5937; ppageno 0'>
   <div class='ocr_carea' id='block_1_1' title="bbox 1346 371 2111 533">
    <p class='ocr_par' dir='ltr' id='par_1_1' title="bbox 1346 371 2111 533">
     <span class='ocr_line' id='line_1_1' title="bbox 1346 371 2111 533; baseline -0.004 -46"><span class='ocrx_word' id='word_1_1' title='bbox 1346 371 2111 533; x_wconf 47' lang='lat' dir='ltr'><strong>PLAVTILLA2</strong></span> 
     </span>
    </p>
   </div>
   <div class='ocr_carea' id='block_1_2' title="bbox 160 595 1718 794">
    <p class='ocr_par' dir='ltr' id='par_1_2' title="bbox 160 595 1718 794">
     <span class='ocr_line' id='line_1_2' title="bbox 162 595 1718 701; baseline -0.023 -20"><span class='ocrx_word' id='word_1_2' title='bbox 162 613 494 701; x_wconf 85' lang='lat' dir='ltr'><strong>quidem</strong></span> <span class='ocrx_word' id='word_1_3' title='bbox 518 652 540 686; x_wconf 86' lang='lat'><strong>,</strong></span> <span class='ocrx_word' id='word_1_4' title='bbox 584 621 750 693; x_wconf 86' lang='lat' dir='ltr'><strong>quae</strong></span> <span class='ocrx_word' id='word_1_5' title='bbox 778 612 1198 665; x_wconf 85' lang='lat' dir='ltr'><strong>monumenta</strong></span> <span class='ocrx_word' id='word_1_6' title='bbox 1235 595 1496 682; x_wconf 79' lang='lat' dir='ltr'><strong>publica</strong></span> <span class='ocrx_word' id='word_1_7' title='bbox 1530 615 1718 681; x_wconf 74' lang='lat' dir='ltr'><strong>prae.</strong></span> 
     </span>
     <span class='ocr_line' id='line_1_3' title="bbox 160 698 1717 794; baseline -0.015 -13"><span class='ocrx_word' id='word_1_8' title='bbox 160 716 552 788; x_wconf 74' lang='lat' dir='ltr'><strong>ferebant,</strong></span> <span class='ocrx_word' id='word_1_9' title='bbox 595 719 1000 794; x_wconf 70' lang='lat' dir='ltr'><strong>parceretur.</strong></span> <span class='ocrx_word' id='word_1_10' title='bbox 1054 704 1388 765; x_wconf 80' lang='lat' dir='ltr'><strong>Marmora</strong></span> <span class='ocrx_word' id='word_1_11' title='bbox 1420 698 1576 773; x_wconf 87' lang='lat' dir='ltr'><strong>alia,</strong></span> <span class='ocrx_word' id='word_1_12' title='bbox 1634 717 1717 760; x_wconf 89' lang='lat' dir='ltr'><strong>ex</strong></span> 
     </span>
    </p>
   </div>
   <div class='ocr_carea' id='block_1_3' title="bbox 3181 433 3319 501">
    <p class='ocr_par' dir='ltr' id='par_1_3' title="bbox 3181 433 3319 501">
     <span class='ocr_line' id='line_1_4' title="bbox 3181 433 3319 501; baseline 0.007 -1"><span class='ocrx_word' id='word_1_13' title='bbox 3181 433 3319 501; x_wconf 81' lang='lat'><strong>225</strong></span> 
     </span>
    </p>
   </div>
   <div class='ocr_carea' id='block_1_4' title="bbox 1830 590 3356 791">
    <p class='ocr_par' dir='ltr' id='par_1_4' title="bbox 1830 590 3356 791">
     <span class='ocr_line' id='line_1_5' title="bbox 1830 590 3356 675; baseline 0.005 -16"><span class='ocrx_word' id='word_1_14' title='bbox 1830 592 2315 659; x_wconf 77' lang='lat' dir='ltr'>matrimonium</span> <span class='ocrx_word' id='word_1_15' title='bbox 2345 611 2490 659; x_wconf 86' lang='lat' dir='ltr'><strong>esse</strong></span> <span class='ocrx_word' id='word_1_16' title='bbox 2525 595 2880 662; x_wconf 86' lang='lat' dir='ltr'><strong>fecundum</strong></span> <span class='ocrx_word' id='word_1_17' title='bbox 2903 644 2919 675; x_wconf 92' lang='lat'><em>‚</em></span> <span class='ocrx_word' id='word_1_18' title='bbox 2965 621 3109 663; x_wconf 91' lang='lat' dir='ltr'><strong>cum</strong></span> <span class='ocrx_word' id='word_1_19' title='bbox 3144 590 3319 667; x_wconf 64' lang='lat' dir='ltr'><strong>teste</strong></span> <span class='ocrx_word' id='word_1_20' title='bbox 3349 598 3356 603; x_wconf 71' lang='grc'><strong>’</strong></span> 
     </span>
     <span class='ocr_line' id='line_1_6' title="bbox 1831 695 3329 791; baseline 0.007 -32"><span class='ocrx_word' id='word_1_21' title='bbox 1831 695 2214 762; x_wconf 81' lang='lat' dir='ltr'>Herodiano</span> <span class='ocrx_word' id='word_1_22' title='bbox 2237 698 2568 762; x_wconf 85' lang='lat' dir='ltr'><strong>Caracalla</strong></span> <span class='ocrx_word' id='word_1_23' title='bbox 2595 698 2748 791; x_wconf 80' lang='lat' dir='ltr'><strong>inde</strong></span> <span class='ocrx_word' id='word_1_24' title='bbox 2782 725 2816 763; x_wconf 87' lang='lat' dir='ltr'><strong>a</strong></span> <span class='ocrx_word' id='word_1_25' title='bbox 2847 703 3171 787; x_wconf 89' lang='lat' dir='ltr'><strong>principio</strong></span> <span class='ocrx_word' id='word_1_26' title='bbox 3211 706 3329 769; x_wconf 82' lang='lat' dir='ltr'><strong>has</strong></span> 
     </span>
    </p>
   </div>
   <div class='ocr_carea' id='block_1_5' title="bbox 165 798 3323 902">
    <p class='ocr_par' dir='ltr' id='par_1_5' title="bbox 165 798 3323 902">
     <span class='ocr_line' id='line_1_7' title="bbox 165 798 3323 902; baseline -0.007 -19"><span class='ocrx_word' id='word_1_27' title='bbox 165 815 457 902; x_wconf 77' lang='lat' dir='ltr'><strong>quibus</strong></span> <span class='ocrx_word' id='word_1_28' title='bbox 498 829 756 875; x_wconf 84' lang='lat' dir='ltr'><strong>erasum</strong></span> <span class='ocrx_word' id='word_1_29' title='bbox 787 804 1397 876; x_wconf 86' lang='lat' dir='ltr'><strong>Plautianinomen‚</strong></span> <span class='ocrx_word' id='word_1_30' title='bbox 1432 800 1719 884; x_wconf 58' lang='lat' dir='ltr'><strong>‚collegit</strong></span> <span class='ocrx_word' id='word_1_31' title='bbox 1827 798 2085 882; x_wconf 88' lang='lat' dir='ltr'><strong>nuptias</strong></span> <span class='ocrx_word' id='word_1_32' title='bbox 2134 814 2469 865; x_wconf 87' lang='lat' dir='ltr'><strong>aversatus</strong></span> <span class='ocrx_word' id='word_1_33' title='bbox 2520 821 2730 887; x_wconf 88' lang='lat' dir='ltr'><strong>neque</strong></span> <span class='ocrx_word' id='word_1_34' title='bbox 2792 806 3123 867; x_wconf 91' lang='lat' dir='ltr'><strong>communi</strong></span> <span class='ocrx_word' id='word_1_35' title='bbox 3172 826 3323 869; x_wconf 82' lang='lat' dir='ltr'><strong>oum</strong></span> 
     </span>
    </p>
   </div>
   <div class='ocr_carea' id='block_1_6' title="bbox 174 901 1726 2214">
    <p class='ocr_par' dir='ltr' id='par_1_6' title="bbox 174 901 1726 2214">
     <span class='ocr_line' id='line_1_8' title="bbox 174 901 1715 987; baseline -0.014 -2"><span class='ocrx_word' id='word_1_36' title='bbox 174 918 289 985; x_wconf 84' lang='lat' dir='ltr'><strong>cl.</strong></span> <span class='ocrx_word' id='word_1_37' title='bbox 364 912 781 979; x_wconf 82' lang='lat' dir='ltr'><strong>Fontaninus</strong></span> <span class='ocrx_word' id='word_1_38' title='bbox 857 909 927 971; x_wconf 89' lang='lat' dir='ltr'><strong>in</strong></span> <span class='ocrx_word' id='word_1_39' title='bbox 1009 906 1144 971; x_wconf 85' lang='lat' dir='ltr'><strong>suis</strong></span> <span class='ocrx_word' id='word_1_40' title='bbox 1206 901 1715 987; x_wconf 74' lang='lat' dir='ltr'>Antiquitatibus</span> 
     </span>
     <span class='ocr_line' id='line_1_9' title="bbox 176 1001 1723 1095; baseline -0.015 -8"><span class='ocrx_word' id='word_1_41' title='bbox 176 1026 520 1095; x_wconf 71' lang='lat' dir='ltr'><strong>Bartae,</strong></span> <span class='ocrx_word' id='word_1_42' title='bbox 564 1013 679 1078; x_wconf 86' lang='lat' dir='ltr'><strong>sed</strong></span> <span class='ocrx_word' id='word_1_43' title='bbox 711 1015 777 1076; x_wconf 90' lang='lat' dir='ltr'><strong>in</strong></span> <span class='ocrx_word' id='word_1_44' title='bbox 821 1008 1153 1073; x_wconf 81' lang='lat' dir='ltr'><strong>nonnullis</strong></span> <span class='ocrx_word' id='word_1_45' title='bbox 1184 1027 1332 1068; x_wconf 87' lang='lat' dir='ltr'><strong>eum</strong></span> <span class='ocrx_word' id='word_1_46' title='bbox 1374 1001 1723 1079; x_wconf 75' lang='lat' dir='ltr'><strong>fefellisse,</strong></span> 
     </span>
     <span class='ocr_line' id='line_1_10' title="bbox 182 1098 1726 1188; baseline -0.016 1"><span class='ocrx_word' id='word_1_47' title='bbox 182 1123 487 1188; x_wconf 68' lang='lat' dir='ltr'><strong>erudite</strong></span> <span class='ocrx_word' id='word_1_48' title='bbox 539 1098 1010 1180; x_wconf 62' lang='lat' dir='ltr'><strong>demonstravit</strong></span> <span class='ocrx_word' id='word_1_49' title='bbox 1046 1108 1360 1173; x_wconf 74' lang='lat' dir='ltr'><strong>caminus</strong></span> <span class='ocrx_word' id='word_1_50' title='bbox 1402 1106 1726 1168; x_wconf 70' lang='lat' dir='ltr'><strong>Silvester</strong></span> 
     </span>
     <span class='ocr_line' id='line_1_11' title="bbox 188 1202 1723 1306; baseline -0.012 -19"><span class='ocrx_word' id='word_1_51' title='bbox 188 1226 277 1287; x_wconf 78' lang='lat' dir='ltr'><strong>iu</strong></span> <span class='ocrx_word' id='word_1_52' title='bbox 359 1220 646 1306; x_wconf 86' lang='lat' dir='ltr'><strong>epistola</strong></span> <span class='ocrx_word' id='word_1_53' title='bbox 713 1216 798 1280; x_wconf 88' lang='lat' dir='ltr'><strong>ad</strong></span> <span class='ocrx_word' id='word_1_54' title='bbox 848 1209 1229 1298; x_wconf 87' lang='lat' dir='ltr'><strong>Philippum</strong></span> <span class='ocrx_word' id='word_1_55' title='bbox 1288 1202 1599 1272; x_wconf 68' lang='lat' dir='ltr'><strong>Turr‘ium</strong></span> <span class='ocrx_word' id='word_1_56' title='bbox 1643 1207 1723 1288; x_wconf 74' lang='lat'><strong>⁹).</strong></span> 
     </span>
     <span class='ocr_line' id='line_1_12' title="bbox 192 1310 1724 1403; baseline -0.014 -13"><span class='ocrx_word' id='word_1_57' title='bbox 192 1324 538 1390; x_wconf 71' lang='lat' dir='ltr'><strong>Plautina</strong></span> <span class='ocrx_word' id='word_1_58' title='bbox 584 1321 941 1403; x_wconf 85' lang='lat' dir='ltr'><strong>deportata·</strong></span> <span class='ocrx_word' id='word_1_59' title='bbox 974 1316 1043 1377; x_wconf 88' lang='lat' dir='ltr'><strong>in</strong></span> <span class='ocrx_word' id='word_1_60' title='bbox 1074 1310 1410 1384; x_wconf 83' lang='lat' dir='ltr'><strong>Siciliam,</strong></span> <span class='ocrx_word' id='word_1_61' title='bbox 1468 1323 1534 1373; x_wconf 88' lang='lat' dir='ltr'><strong>et</strong></span> <span class='ocrx_word' id='word_1_62' title='bbox 1587 1323 1724 1371; x_wconf 90' lang='lat' dir='ltr'><strong>tan-</strong></span> 
     </span>
     <span class='ocr_line' id='line_1_13' title="bbox 194 1409 1724 1511; baseline -0.014 -20"><span class='ocrx_word' id='word_1_63' title='bbox 194 1429 437 1511; x_wconf 66' lang='lat' dir='ltr'><strong>tisper</strong></span> <span class='ocrx_word' id='word_1_64' title='bbox 466 1422 834 1500; x_wconf 66' lang='lat' dir='ltr'><strong>liberaliter</strong></span> <span class='ocrx_word' id='word_1_65' title='bbox 868 1417 1122 1510; x_wconf 71' lang='lat' dir='ltr'><strong>habita,</strong></span> <span class='ocrx_word' id='word_1_66' title='bbox 1185 1431 1256 1478; x_wconf 88' lang='lat' dir='ltr'><strong>ut</strong></span> <span class='ocrx_word' id='word_1_67' title='bbox 1281 1413 1368 1475; x_wconf 87' lang='lat' dir='ltr'><strong>ait</strong></span> <span class='ocrx_word' id='word_1_68' title='bbox 1402 1409 1724 1473; x_wconf 83' lang='lat' dir='ltr'><strong>Herodia-</strong></span> 
     </span>
     <span class='ocr_line' id='line_1_14' title="bbox 200 1503 1721 1604; baseline -0.012 -12"><span class='ocrx_word' id='word_1_69' title='bbox 200 1550 344 1592; x_wconf 80' lang='lat' dir='ltr'><strong>nus</strong></span> <span class='ocrx_word' id='word_1_70' title='bbox 373 1572 394 1604; x_wconf 87' lang='lat'><strong>‚</strong></span> <span class='ocrx_word' id='word_1_71' title='bbox 424 1540 524 1591; x_wconf 71' lang='lat' dir='ltr'><strong>-at</strong></span> <span class='ocrx_word' id='word_1_72' title='bbox 567 1522 926 1587; x_wconf 88' lang='lat' dir='ltr'><strong>seeundum</strong></span> <span class='ocrx_word' id='word_1_73' title='bbox 979 1503 1260 1583; x_wconf 76' lang='lat' dir='ltr'><strong>Dionem</strong></span> <span class='ocrx_word' id='word_1_74' title='bbox 1307 1513 1599 1596; x_wconf 80' lang='lat' dir='ltr'><strong>relegata</strong></span> <span class='ocrx_word' id='word_1_75' title='bbox 1653 1510 1721 1573; x_wconf 91' lang='lat' dir='ltr'><strong>in</strong></span> 
     </span>
     <span class='ocr_line' id='line_1_15' title="bbox 204 1614 1722 1715; baseline -0.015 -20"><span class='ocrx_word' id='word_1_76' title='bbox 204 1633 539 1715; x_wconf 81' lang='lat' dir='ltr'><strong>Liparam</strong></span> <span class='ocrx_word' id='word_1_77' title='bbox 586 1625 655 1688; x_wconf 92' lang='lat' dir='ltr'><strong>in</strong></span> <span class='ocrx_word' id='word_1_78' title='bbox 687 1645 912 1688; x_wconf 85' lang='lat' dir='ltr'><strong>rerum</strong></span> <span class='ocrx_word' id='word_1_79' title='bbox 963 1621 1160 1686; x_wconf 88' lang='lat' dir='ltr'><strong>etiam</strong></span> <span class='ocrx_word' id='word_1_80' title='bbox 1204 1614 1722 1681; x_wconf 86' lang='lat' dir='ltr'><strong>necessariarum</strong></span> 
     </span>
     <span class='ocr_line' id='line_1_16' title="bbox 199 1714 1722 1819; baseline -0.013 -22"><span class='ocrx_word' id='word_1_81' title='bbox 199 1731 447 1819; x_wconf 80' lang='lat' dir='ltr'><strong>inopia</strong></span> <span class='ocrx_word' id='word_1_82' title='bbox 483 1727 667 1794; x_wconf 78' lang='lat' dir='ltr'><strong>vixit.</strong></span> <span class='ocrx_word' id='word_1_83' title='bbox 735 1729 942 1791; x_wconf 86' lang='lat' dir='ltr'><strong>Caeso</strong></span> <span class='ocrx_word' id='word_1_84' title='bbox 980 1724 1146 1786; x_wconf 83' lang='lat' dir='ltr'><strong>Geta</strong></span> <span class='ocrx_word' id='word_1_85' title='bbox 1194 1740 1336 1782; x_wconf 87' lang='lat' dir='ltr'><strong>eam</strong></span> <span class='ocrx_word' id='word_1_86' title='bbox 1387 1714 1722 1780; x_wconf 88' lang='lat' dir='ltr'><strong>Caracalla</strong></span> 
     </span>
     <span class='ocr_line' id='line_1_17' title="bbox 205 1822 1722 1897; baseline -0.015 2"><span class='ocrx_word' id='word_1_87' title='bbox 205 1835 280 1897; x_wconf 81' lang='lat' dir='ltr'><strong>in</strong></span> <span class='ocrx_word' id='word_1_88' title='bbox 313 1830 454 1897; x_wconf 64' lang='lat' dir='ltr'><strong>&gt;hac</strong></span> <span class='ocrx_word' id='word_1_89' title='bbox 490 1853 602 1895; x_wconf 90' lang='lat' dir='ltr'><strong>sua</strong></span> <span class='ocrx_word' id='word_1_90' title='bbox 649 1826 1014 1891; x_wconf 77' lang='lat' dir='ltr'><strong>calamitate</strong></span> <span class='ocrx_word' id='word_1_91' title='bbox 1064 1822 1282 1886; x_wconf 89' lang='lat' dir='ltr'><strong>omnia</strong></span> <span class='ocrx_word' id='word_1_92' title='bbox 1319 1831 1722 1881; x_wconf 77' lang='lat' dir='ltr'><strong>metuentem</strong></span> 
     </span>
     <span class='ocr_line' id='line_1_18' title="bbox 212 1916 1722 2014; baseline -0.012 -17"><span class='ocrx_word' id='word_1_93' title='bbox 212 1933 516 2001; x_wconf 86' lang='lat' dir='ltr'><strong>interfici</strong></span> <span class='ocrx_word' id='word_1_94' title='bbox 559 1931 747 2014; x_wconf 83' lang='lat' dir='ltr'><strong>jussit</strong></span> <span class='ocrx_word' id='word_1_95' title='bbox 783 1932 866 1996; x_wconf 90' lang='lat' dir='ltr'><strong>V.</strong></span> <span class='ocrx_word' id='word_1_96' title='bbox 919 1928 990 1991; x_wconf 87' lang='lat' dir='ltr'><strong>C.</strong></span> <span class='ocrx_word' id='word_1_97' title='bbox 1029 1924 1154 2009; x_wconf 75' lang='lat'><strong>965</strong></span> <span class='ocrx_word' id='word_1_98' title='bbox 1184 1921 1271 2000; x_wconf 73' lang='lat'><strong>1²).</strong></span> <span class='ocrx_word' id='word_1_99' title='bbox 1382 1916 1722 1995; x_wconf 79' lang='lat' dir='ltr'><strong>Feminam</strong></span> 
     </span>
     <span class='ocr_line' id='line_1_19' title="bbox 215 2021 1667 2116; baseline -0.014 -15"><span class='ocrx_word' id='word_1_100' title='bbox 215 2038 436 2105; x_wconf 74' lang='lat' dir='ltr'><strong>fuisse</strong></span> <span class='ocrx_word' id='word_1_101' title='bbox 469 2029 1093 2116; x_wconf 77' lang='lat' dir='ltr'><strong>impudentissimam</strong></span> <span class='ocrx_word' id='word_1_102' title='bbox 1118 2071 1136 2103; x_wconf 83' lang='lat'>‚</span> <span class='ocrx_word' id='word_1_103' title='bbox 1182 2024 1392 2088; x_wconf 83' lang='lat' dir='ltr'><strong>refert</strong></span> <span class='ocrx_word' id='word_1_104' title='bbox 1422 2021 1551 2082; x_wconf 90' lang='lat' dir='ltr'><strong>Dio</strong></span> <span class='ocrx_word' id='word_1_105' title='bbox 1585 2022 1667 2098; x_wconf 62' lang='grc' dir='ltr'><strong>ο).</strong></span> 
     </span>
     <span class='ocr_line' id='line_1_20' title="bbox 356 2122 1720 2214; baseline -0.012 -14"><span class='ocrx_word' id='word_1_106' title='bbox 356 2138 642 2199; x_wconf 85' lang='lat' dir='ltr'><strong>Dionem</strong></span> <span class='ocrx_word' id='word_1_107' title='bbox 662 2132 812 2194; x_wconf 88' lang='lat' dir='ltr'><strong>inde</strong></span> <span class='ocrx_word' id='word_1_108' title='bbox 843 2155 875 2193; x_wconf 92' lang='lat' dir='ltr'><strong>a</strong></span> <span class='ocrx_word' id='word_1_109' title='bbox 910 2129 1232 2214; x_wconf 80' lang='lat' dir='ltr'><strong>principio</strong></span> <span class='ocrx_word' id='word_1_110' title='bbox 1250 2125 1403 2188; x_wconf 82' lang='lat' dir='ltr'><strong>libri</strong></span> <span class='ocrx_word' id='word_1_111' title='bbox 1423 2122 1720 2190; x_wconf 78' lang='lat' dir='ltr'><strong>LXXVI.</strong></span> 
     </span>
    </p>
   </div>
   <div class='ocr_carea' id='block_1_7' title="bbox 220 2226 1777 2312">
    <p class='ocr_par' dir='ltr' id='par_1_7' title="bbox 220 2226 1777 2312">
     <span class='ocr_line' id='line_1_21' title="bbox 220 2226 1777 2312; baseline -0.015 -7"><span class='ocrx_word' id='word_1_112' title='bbox 220 2237 591 2312; x_wconf 65' lang='lat' dir='ltr'><strong>Plautiani,</strong></span> <span class='ocrx_word' id='word_1_113' title='bbox 646 2249 711 2297; x_wconf 88' lang='lat' dir='ltr'><strong>et</strong></span> <span class='ocrx_word' id='word_1_114' title='bbox 755 2230 1103 2295; x_wconf 86' lang='lat' dir='ltr'><strong>Plautillae</strong></span> <span class='ocrx_word' id='word_1_115' title='bbox 1150 2226 1488 2289; x_wconf 77' lang='lat' dir='ltr'><strong>historiam</strong></span> <span class='ocrx_word' id='word_1_116' title='bbox 1546 2244 1725 2293; x_wconf 52' lang='lat' dir='ltr'><strong>comq</strong></span> <span class='ocrx_word' id='word_1_117' title='bbox 1763 2288 1777 2293; x_wconf 56' lang='lat'><strong>,</strong></span> 
     </span>
    </p>
   </div>
   <div class='ocr_carea' id='block_1_8' title="bbox 223 2329 1726 3533">
    <p class='ocr_par' dir='ltr' id='par_1_8' title="bbox 223 2329 1726 3533">
     <span class='ocr_line' id='line_1_22' title="bbox 223 2329 1720 2429; baseline -0.014 -23"><span class='ocrx_word' id='word_1_118' title='bbox 223 2347 498 2429; x_wconf 77' lang='lat' dir='ltr'><strong>plexum</strong></span> <span class='ocrx_word' id='word_1_119' title='bbox 536 2340 591 2402; x_wconf 90' lang='lat' dir='ltr'><strong>si</strong></span> <span class='ocrx_word' id='word_1_120' title='bbox 619 2354 930 2420; x_wconf 87' lang='lat' dir='ltr'><strong>sequare,</strong></span> <span class='ocrx_word' id='word_1_121' title='bbox 972 2329 1404 2417; x_wconf 84' lang='lat' dir='ltr'><strong>perexiguum</strong></span> <span class='ocrx_word' id='word_1_122' title='bbox 1441 2338 1720 2409; x_wconf 88' lang='lat' dir='ltr'><strong>tempus,</strong></span> 
     </span>
     <span class='ocr_line' id='line_1_23' title="bbox 226 2428 1724 2524; baseline -0.015 -16"><span class='ocrx_word' id='word_1_123' title='bbox 226 2462 293 2508; x_wconf 85' lang='lat' dir='ltr'><strong>ct</strong></span> <span class='ocrx_word' id='word_1_124' title='bbox 330 2444 506 2506; x_wconf 80' lang='lat' dir='ltr'><strong>forte</strong></span> <span class='ocrx_word' id='word_1_125' title='bbox 542 2438 730 2524; x_wconf 79' lang='lat' dir='ltr'><strong>pauci</strong></span> <span class='ocrx_word' id='word_1_126' title='bbox 768 2430 1016 2499; x_wconf 77' lang='lat' dir='ltr'><strong>tanturn</strong></span> <span class='ocrx_word' id='word_1_127' title='bbox 1050 2449 1308 2493; x_wconf 87' lang='lat' dir='ltr'><strong>menses</strong></span> <span class='ocrx_word' id='word_1_128' title='bbox 1344 2428 1724 2489; x_wconf 86' lang='lat' dir='ltr'><strong>interPlau·</strong></span> 
     </span>
     <span class='ocr_line' id='line_1_24' title="bbox 226 2528 1723 2624; baseline -0.013 -16"><span class='ocrx_word' id='word_1_129' title='bbox 226 2547 414 2608; x_wconf 72' lang='lat' dir='ltr'><strong>tiliae</strong></span> <span class='ocrx_word' id='word_1_130' title='bbox 447 2541 740 2624; x_wconf 86' lang='lat' dir='ltr'><strong>nuptias,</strong></span> <span class='ocrx_word' id='word_1_131' title='bbox 786 2550 849 2599; x_wconf 88' lang='lat' dir='ltr'><strong>et</strong></span> <span class='ocrx_word' id='word_1_132' title='bbox 879 2535 1149 2598; x_wconf 83' lang='lat' dir='ltr'><strong>exilium</strong></span> <span class='ocrx_word' id='word_1_133' title='bbox 1182 2532 1490 2597; x_wconf 78' lang='lat' dir='ltr'><strong>videntur</strong></span> <span class='ocrx_word' id='word_1_134' title='bbox 1521 2528 1723 2590; x_wconf 81' lang='lat' dir='ltr'><strong>inter·</strong></span> 
     </span>
     <span class='ocr_line' id='line_1_25' title="bbox 230 2629 1723 2722; baseline -0.015 -10"><span class='ocrx_word' id='word_1_135' title='bbox 230 2646 537 2714; x_wconf 72' lang='lat' dir='ltr'><strong>cessisse.</strong></span> <span class='ocrx_word' id='word_1_136' title='bbox 595 2644 679 2703; x_wconf 87' lang='lat' dir='ltr'><strong>At</strong></span> <span class='ocrx_word' id='word_1_137' title='bbox 711 2638 970 2722; x_wconf 81' lang='lat' dir='ltr'><strong>longius</strong></span> <span class='ocrx_word' id='word_1_138' title='bbox 1004 2634 1425 2699; x_wconf 78' lang='lat' dir='ltr'><strong>intervallum</strong></span> <span class='ocrx_word' id='word_1_139' title='bbox 1460 2629 1723 2692; x_wconf 79' lang='lat' dir='ltr'><strong>videtur</strong></span> 
     </span>
     <span class='ocr_line' id='line_1_26' title="bbox 236 2733 1720 2834; baseline -0.015 -20"><span class='ocrx_word' id='word_1_140' title='bbox 236 2751 602 2834; x_wconf 86' lang='lat' dir='ltr'><strong>deposcere</strong></span> <span class='ocrx_word' id='word_1_141' title='bbox 622 2738 811 2826; x_wconf 88' lang='lat' dir='ltr'><strong>copia</strong></span> <span class='ocrx_word' id='word_1_142' title='bbox 839 2758 1188 2801; x_wconf 89' lang='lat' dir='ltr'><strong>numorum</strong></span> <span class='ocrx_word' id='word_1_143' title='bbox 1223 2733 1571 2797; x_wconf 89' lang='lat' dir='ltr'><strong>Plautillae</strong></span> <span class='ocrx_word' id='word_1_144' title='bbox 1589 2752 1720 2794; x_wconf 91' lang='lat' dir='ltr'><strong>non</strong></span> 
     </span>
     <span class='ocr_line' id='line_1_27' title="bbox 238 2836 1722 2920; baseline -0.011 -6"><span class='ocrx_word' id='word_1_145' title='bbox 238 2849 437 2914; x_wconf 83' lang='lat' dir='ltr'><strong>modo</strong></span> <span class='ocrx_word' id='word_1_146' title='bbox 467 2848 535 2909; x_wconf 86' lang='lat' dir='ltr'><strong>in</strong></span> <span class='ocrx_word' id='word_1_147' title='bbox 570 2844 755 2920; x_wconf 87' lang='lat' dir='ltr'><strong>urbe,</strong></span> <span class='ocrx_word' id='word_1_148' title='bbox 802 2841 920 2904; x_wconf 84' lang='lat' dir='ltr'><strong>sed</strong></span> <span class='ocrx_word' id='word_1_149' title='bbox 951 2837 1200 2919; x_wconf 88' lang='lat' dir='ltr'><strong>majore</strong></span> <span class='ocrx_word' id='word_1_150' title='bbox 1219 2836 1431 2898; x_wconf 85' lang='lat' dir='ltr'><strong>adhuc</strong></span> <span class='ocrx_word' id='word_1_151' title='bbox 1446 2853 1722 2897; x_wconf 87' lang='lat' dir='ltr'><strong>numero</strong></span> 
     </span>
     <span class='ocr_line' id='line_1_28' title="bbox 236 2931 1722 3042; baseline -0.011 -26"><span class='ocrx_word' id='word_1_152' title='bbox 236 2966 361 3042; x_wconf 80' lang='lat' dir='ltr'><strong>per</strong></span> <span class='ocrx_word' id='word_1_153' title='bbox 386 2948 854 3014; x_wconf 85' lang='lat' dir='ltr'><strong>remotissimas</strong></span> <span class='ocrx_word' id='word_1_154' title='bbox 887 2938 1275 3034; x_wconf 58' lang='lat' dir='ltr'><strong>provincias,</strong></span> <span class='ocrx_word' id='word_1_155' title='bbox 1296 2931 1722 3022; x_wconf 85' lang='lat' dir='ltr'><strong>signatorum.</strong></span> 
     </span>
     <span class='ocr_line' id='line_1_29' title="bbox 240 3036 1726 3134; baseline -0.013 -15"><span class='ocrx_word' id='word_1_156' title='bbox 240 3057 409 3119; x_wconf 85' lang='lat' dir='ltr'><strong>Sane</strong></span> <span class='ocrx_word' id='word_1_157' title='bbox 435 3049 804 3134; x_wconf 82' lang='lat' dir='ltr'><strong>longiorem</strong></span> <span class='ocrx_word' id='word_1_158' title='bbox 845 3065 1098 3108; x_wconf 89' lang='lat' dir='ltr'><strong>moram</strong></span> <span class='ocrx_word' id='word_1_159' title='bbox 1140 3039 1481 3104; x_wconf 78' lang='lat' dir='ltr'><strong>manifeste</strong></span> <span class='ocrx_word' id='word_1_160' title='bbox 1520 3036 1726 3121; x_wconf 83' lang='lat' dir='ltr'><strong>exigit</strong></span> 
     </span>
     <span class='ocr_line' id='line_1_30' title="bbox 241 3140 1725 3232; baseline -0.014 -12"><span class='ocrx_word' id='word_1_161' title='bbox 241 3176 472 3219; x_wconf 84' lang='lat' dir='ltr'><strong>numus</strong></span> <span class='ocrx_word' id='word_1_162' title='bbox 515 3150 863 3215; x_wconf 85' lang='lat' dir='ltr'><strong>Plautillae</strong></span> <span class='ocrx_word' id='word_1_163' title='bbox 924 3144 1098 3232; x_wconf 89' lang='lat' dir='ltr'><strong>apud</strong></span> <span class='ocrx_word' id='word_1_164' title='bbox 1137 3142 1379 3208; x_wconf 84' lang='lat' dir='ltr'><strong>Gazam</strong></span> <span class='ocrx_word' id='word_1_165' title='bbox 1446 3140 1725 3203; x_wconf 82' lang='lat' dir='ltr'><strong>Iudaeae</strong></span> 
     </span>
     <span class='ocr_line' id='line_1_31' title="bbox 242 3240 1726 3343; baseline -0.012 -23"><span class='ocrx_word' id='word_1_166' title='bbox 242 3259 525 3343; x_wconf 81' lang='lat' dir='ltr'><strong>signatus</strong></span> <span class='ocrx_word' id='word_1_167' title='bbox 551 3274 699 3318; x_wconf 91' lang='lat' dir='ltr'><strong>cum</strong></span> <span class='ocrx_word' id='word_1_168' title='bbox 725 3270 895 3315; x_wconf 85' lang='lat' dir='ltr'><strong>anno</strong></span> <span class='ocrx_word' id='word_1_169' title='bbox 925 3266 1115 3311; x_wconf 87' lang='lat' dir='ltr'><strong>aerae</strong></span> <span class='ocrx_word' id='word_1_170' title='bbox 1147 3240 1332 3339; x_wconf 75' lang='grc' dir='ltr'>ΔΞΟ,</span> <span class='ocrx_word' id='word_1_171' title='bbox 1379 3262 1571 3328; x_wconf 87' lang='lat' dir='ltr'><strong>quem</strong></span> <span class='ocrx_word' id='word_1_172' title='bbox 1590 3241 1726 3304; x_wconf 85' lang='lat' dir='ltr'><strong>edi·</strong></span> 
     </span>
     <span class='ocr_line' id='line_1_32' title="bbox 247 3343 1726 3431; baseline -0.011 -7"><span class='ocrx_word' id='word_1_173' title='bbox 247 3361 401 3424; x_wconf 84' lang='lat' dir='ltr'><strong>dere</strong></span> <span class='ocrx_word' id='word_1_174' title='bbox 434 3353 823 3425; x_wconf 86' lang='lat' dir='ltr'><strong>Vaillantius</strong></span> <span class='ocrx_word' id='word_1_175' title='bbox 843 3395 861 3427; x_wconf 90' lang='lat'>,</span> <span class='ocrx_word' id='word_1_176' title='bbox 912 3362 979 3412; x_wconf 87' lang='lat' dir='ltr'><strong>et</strong></span> <span class='ocrx_word' id='word_1_177' title='bbox 1002 3345 1303 3411; x_wconf 81' lang='lat' dir='ltr'><strong>Norisius&#39;</strong></span> <span class='ocrx_word' id='word_1_178' title='bbox 1336 3343 1426 3425; x_wconf 84' lang='lat' dir='ltr'><strong>d).</strong></span> <span class='ocrx_word' id='word_1_179' title='bbox 1492 3344 1726 3431; x_wconf 81' lang='lat' dir='ltr'><strong>Coepit</strong></span> 
     </span>
     <span class='ocr_line' id='line_1_33' title="bbox 247 3451 1725 3533; baseline -0.014 -7"><span class='ocrx_word' id='word_1_180' title='bbox 247 3464 405 3528; x_wconf 81' lang='lat' dir='ltr'><strong>baec</strong></span> <span class='ocrx_word' id='word_1_181' title='bbox 430 3481 598 3526; x_wconf 83' lang='lat' dir='ltr'><strong>anno</strong></span> <span class='ocrx_word' id='word_1_182' title='bbox 631 3461 714 3525; x_wconf 90' lang='lat' dir='ltr'><strong>V.</strong></span> <span class='ocrx_word' id='word_1_183' title='bbox 749 3456 819 3518; x_wconf 92' lang='lat' dir='ltr'><strong>C.</strong></span> <span class='ocrx_word' id='word_1_184' title='bbox 855 3451 1012 3533; x_wconf 68' lang='lat'><strong>093,</strong></span> <span class='ocrx_word' id='word_1_185' title='bbox 1077 3469 1239 3532; x_wconf 83' lang='lat' dir='ltr'><strong>ergo</strong></span> <span class='ocrx_word' id='word_1_186' title='bbox 1273 3468 1509 3509; x_wconf 90' lang='lat' dir='ltr'><strong>numus</strong></span> <span class='ocrx_word' id='word_1_187' title='bbox 1538 3464 1725 3530; x_wconf 85' lang='lat' dir='ltr'><strong>prae·</strong></span> 
     </span>
    </p>
   </div>
   <div class='ocr_carea' id='block_1_9' title="bbox 250 3547 1801 3646">
    <p class='ocr_par' dir='ltr' id='par_1_9' title="bbox 250 3547 1801 3646">
     <span class='ocr_line' id='line_1_34' title="bbox 250 3547 1801 3646; baseline -0.015 -16"><span class='ocrx_word' id='word_1_188' title='bbox 250 3584 395 3630; x_wconf 80' lang='lat' dir='ltr'><strong>sens</strong></span> <span class='ocrx_word' id='word_1_189' title='bbox 433 3562 722 3646; x_wconf 85' lang='lat' dir='ltr'><strong>signatus</strong></span> <span class='ocrx_word' id='word_1_190' title='bbox 753 3568 854 3618; x_wconf 88' lang='lat' dir='ltr'><strong>est</strong></span> <span class='ocrx_word' id='word_1_191' title='bbox 900 3553 979 3616; x_wconf 86' lang='lat' dir='ltr'><strong>ab</strong></span> <span class='ocrx_word' id='word_1_192' title='bbox 1016 3565 1325 3615; x_wconf 89' lang='lat' dir='ltr'><strong>autumno</strong></span> <span class='ocrx_word' id='word_1_193' title='bbox 1355 3550 1432 3614; x_wconf 86' lang='lat' dir='ltr'><strong>V.</strong></span> <span class='ocrx_word' id='word_1_194' title='bbox 1470 3549 1545 3611; x_wconf 87' lang='lat' dir='ltr'><strong>C.</strong></span> <span class='ocrx_word' id='word_1_195' title='bbox 1578 3547 1723 3626; x_wconf 77' lang='lat' dir='ltr'><strong>q56.</strong></span> <span class='ocrx_word' id='word_1_196' title='bbox 1783 3621 1801 3637; x_wconf 49' lang='lat'><strong>·</strong></span> 
     </span>
    </p>
   </div>
   <div class='ocr_carea' id='block_1_10' title="bbox 249 3647 1728 4248">
    <p class='ocr_par' dir='ltr' id='par_1_10' title="bbox 249 3647 1728 4147">
     <span class='ocr_line' id='line_1_35' title="bbox 256 3647 1727 3759; baseline -0.014 -30"><span class='ocrx_word' id='word_1_197' title='bbox 256 3667 466 3759; x_wconf 63' lang='lat' dir='ltr'><strong>Quare</strong></span> <span class='ocrx_word' id='word_1_198' title='bbox 499 3683 644 3727; x_wconf 90' lang='lat' dir='ltr'><strong>cum</strong></span> <span class='ocrx_word' id='word_1_199' title='bbox 679 3657 942 3741; x_wconf 86' lang='lat' dir='ltr'><strong>nuptiae</strong></span> <span class='ocrx_word' id='word_1_200' title='bbox 975 3649 1326 3715; x_wconf 90' lang='lat' dir='ltr'><strong>Plautillae</strong></span> <span class='ocrx_word' id='word_1_201' title='bbox 1369 3662 1549 3713; x_wconf 87' lang='lat' dir='ltr'><strong>actae</strong></span> <span class='ocrx_word' id='word_1_202' title='bbox 1584 3647 1727 3710; x_wconf 84' lang='lat' dir='ltr'><strong>fue·</strong></span> 
     </span>
     <span class='ocr_line' id='line_1_36' title="bbox 253 3750 1727 3842; baseline -0.014 -13"><span class='ocrx_word' id='word_1_203' title='bbox 253 3768 381 3829; x_wconf 84' lang='lat' dir='ltr'><strong>rint</strong></span> <span class='ocrx_word' id='word_1_204' title='bbox 406 3764 563 3831; x_wconf 86' lang='lat' dir='ltr'><strong>V.c.</strong></span> <span class='ocrx_word' id='word_1_205' title='bbox 600 3763 760 3842; x_wconf 67' lang='lat'>1555,</span> <span class='ocrx_word' id='word_1_206' title='bbox 805 3772 877 3821; x_wconf 91' lang='lat' dir='ltr'><strong>ut</strong></span> <span class='ocrx_word' id='word_1_207' title='bbox 915 3757 984 3817; x_wconf 90' lang='lat' dir='ltr'><strong>in</strong></span> <span class='ocrx_word' id='word_1_208' title='bbox 1017 3755 1268 3818; x_wconf 79' lang='lat' dir='ltr'><strong>Severo</strong></span> <span class='ocrx_word' id='word_1_209' title='bbox 1299 3750 1381 3814; x_wconf 89' lang='lat' dir='ltr'><strong>ad</strong></span> <span class='ocrx_word' id='word_1_210' title='bbox 1414 3751 1590 3812; x_wconf 89' lang='lat' dir='ltr'><strong>hunc</strong></span> <span class='ocrx_word' id='word_1_211' title='bbox 1618 3770 1727 3811; x_wconf 54' lang='lat' dir='ltr'><strong>ane</strong></span> 
     </span>
     <span class='ocr_line' id='line_1_37' title="bbox 249 3851 1727 3938; baseline -0.014 -6"><span class='ocrx_word' id='word_1_212' title='bbox 249 3888 396 3932; x_wconf 86' lang='lat' dir='ltr'><strong>num</strong></span> <span class='ocrx_word' id='word_1_213' title='bbox 422 3859 1042 3933; x_wconf 84' lang='lat' dir='ltr'><strong>demonstravimus,</strong></span> <span class='ocrx_word' id='word_1_214' title='bbox 1102 3854 1433 3938; x_wconf 86' lang='lat' dir='ltr'><strong>sequitur,</strong></span> <span class='ocrx_word' id='word_1_215' title='bbox 1494 3851 1727 3914; x_wconf 87' lang='lat' dir='ltr'><strong>saltem</strong></span> 
     </span>
     <span class='ocr_line' id='line_1_38' title="bbox 254 3954 1728 4051; baseline -0.012 -19"><span class='ocrx_word' id='word_1_216' title='bbox 254 3967 482 4051; x_wconf 80' lang='lat' dir='ltr'><strong>integri</strong></span> <span class='ocrx_word' id='word_1_217' title='bbox 531 3965 677 4028; x_wconf 82' lang='lat' dir='ltr'><strong>fere</strong></span> <span class='ocrx_word' id='word_1_218' title='bbox 730 3962 880 4024; x_wconf 88' lang='lat' dir='ltr'><strong>anni</strong></span> <span class='ocrx_word' id='word_1_219' title='bbox 911 3959 1191 4044; x_wconf 85' lang='lat' dir='ltr'><strong>spatium</strong></span> <span class='ocrx_word' id='word_1_220' title='bbox 1228 3957 1404 4018; x_wconf 84' lang='lat' dir='ltr'><strong>inter</strong></span> <span class='ocrx_word' id='word_1_221' title='bbox 1449 3954 1728 4039; x_wconf 85' lang='lat' dir='ltr'><strong>nuptias,</strong></span> 
     </span>
     <span class='ocr_line' id='line_1_39' title="bbox 254 4060 1210 4147; baseline -0.015 -12"><span class='ocrx_word' id='word_1_222' title='bbox 254 4083 320 4134; x_wconf 79' lang='lat' dir='ltr'><strong>et</strong></span> <span class='ocrx_word' id='word_1_223' title='bbox 345 4067 606 4133; x_wconf 79' lang='lat' dir='ltr'><strong>exilium</strong></span> <span class='ocrx_word' id='word_1_224' title='bbox 638 4060 1210 4147; x_wconf 89' lang='lat' dir='ltr'><strong>interponendum.</strong></span> 
     </span>
    </p>

    <p class='ocr_par' dir='ltr' id='par_1_11' title="bbox 374 4155 1728 4248">
     <span class='ocr_line' id='line_1_40' title="bbox 374 4155 1728 4248; baseline -0.013 -13"><span class='ocrx_word' id='word_1_225' title='bbox 374 4170 613 4236; x_wconf 72' lang='lat' dir='ltr'><strong>Liberi.</strong></span> <span class='ocrx_word' id='word_1_226' title='bbox 692 4169 842 4230; x_wconf 82' lang='lat' dir='ltr'><strong>Non</strong></span> <span class='ocrx_word' id='word_1_227' title='bbox 893 4175 1155 4248; x_wconf 82' lang='lat' dir='ltr'><strong>poterat</strong></span> <span class='ocrx_word' id='word_1_228' title='bbox 1195 4157 1547 4222; x_wconf 80' lang='lat' dir='ltr'><strong>infaustum</strong></span> <span class='ocrx_word' id='word_1_229' title='bbox 1599 4155 1728 4220; x_wconf 87' lang='lat' dir='ltr'><strong>boc</strong></span> 
     </span>
    </p>
   </div>
   <div class='ocr_carea' id='block_1_11' title="bbox 270 4353 3288 4397">
    <p class='ocr_par' dir='ltr' id='par_1_12' title="bbox 270 4353 3288 4397">
     <span class='ocr_line' id='line_1_41' title="bbox 270 4353 3288 4397; baseline 0 1540"><span class='ocrx_word' id='word_1_230' title='bbox 270 4353 3288 4397; x_wconf 95' lang='lat' dir='ltr'><strong> </strong></span> 
     </span>
    </p>
   </div>
   <div class='ocr_carea' id='block_1_12' title="bbox 1831 900 3316 989">
    <p class='ocr_par' dir='ltr' id='par_1_13' title="bbox 1831 900 3316 989">
     <span class='ocr_line' id='line_1_42' title="bbox 1831 900 3316 989; baseline 0.009 -29"><span class='ocrx_word' id='word_1_231' title='bbox 1831 900 2139 963; x_wconf 84' lang='lat' dir='ltr'><strong>Plautilla</strong></span> <span class='ocrx_word' id='word_1_232' title='bbox 2186 915 2382 979; x_wconf 86' lang='lat' dir='ltr'><strong>toro,</strong></span> <span class='ocrx_word' id='word_1_233' title='bbox 2441 924 2655 989; x_wconf 88' lang='lat' dir='ltr'><strong>neque</strong></span> <span class='ocrx_word' id='word_1_234' title='bbox 2715 926 2940 969; x_wconf 84' lang='lat' dir='ltr'><strong>mensa</strong></span> <span class='ocrx_word' id='word_1_235' title='bbox 2997 920 3316 973; x_wconf 84' lang='lat' dir='ltr'><strong>uteretur.</strong></span> 
     </span>
    </p>
   </div>
   <div class='ocr_carea' id='block_1_13' title="bbox 1836 1002 3444 1072">
    <p class='ocr_par' dir='ltr' id='par_1_14' title="bbox 1836 1002 3444 1072">
     <span class='ocr_line' id='line_1_43' title="bbox 1836 1002 3444 1072; baseline 0.007 -11"><span class='ocrx_word' id='word_1_236' title='bbox 1836 1002 2254 1067; x_wconf 81' lang='lat' dir='ltr'><strong>Froelichius</strong></span> <span class='ocrx_word' id='word_1_237' title='bbox 2302 1026 2451 1068; x_wconf 87' lang='lat' dir='ltr'><strong>cum</strong></span> <span class='ocrx_word' id='word_1_238' title='bbox 2485 1026 2569 1068; x_wconf 84' lang='lat' dir='ltr'><strong>ex</strong></span> <span class='ocrx_word' id='word_1_239' title='bbox 2621 1008 2771 1071; x_wconf 91' lang='lat' dir='ltr'><strong>loco</strong></span> <span class='ocrx_word' id='word_1_240' title='bbox 2802 1008 3164 1071; x_wconf 88' lang='lat' dir='ltr'><strong>Herodiani</strong></span> <span class='ocrx_word' id='word_1_241' title='bbox 3215 1011 3330 1072; x_wconf 88' lang='lat' dir='ltr'><strong>du·</strong></span> <span class='ocrx_word' id='word_1_242' title='bbox 3432 1052 3444 1059; x_wconf 83' lang='lat'><strong>·</strong></span> 
     </span>
    </p>
   </div>
   <div class='ocr_carea' id='block_1_14' title="bbox 1835 1099 3370 2817">
    <p class='ocr_par' dir='ltr' id='par_1_15' title="bbox 1835 1099 3370 2817">
     <span class='ocr_line' id='line_1_44' title="bbox 1835 1099 3328 1195; baseline 0.007 -32"><span class='ocrx_word' id='word_1_243' title='bbox 1835 1099 1983 1164; x_wconf 89' lang='lat' dir='ltr'><strong>biae</strong></span> <span class='ocrx_word' id='word_1_244' title='bbox 2014 1104 2378 1184; x_wconf 88' lang='lat' dir='ltr'><strong>·lectionis‚</strong></span> <span class='ocrx_word' id='word_1_245' title='bbox 2448 1122 2583 1171; x_wconf 90' lang='lat' dir='ltr'><strong>tum</strong></span> <span class='ocrx_word' id='word_1_246' title='bbox 2638 1129 2722 1170; x_wconf 83' lang='lat' dir='ltr'><strong>ex</strong></span> <span class='ocrx_word' id='word_1_247' title='bbox 2791 1110 3328 1195; x_wconf 74' lang='lat' dir='ltr'><strong>inscriptionibus</strong></span> 
     </span>
     <span class='ocr_line' id='line_1_45' title="bbox 1836 1203 3329 1295; baseline 0.009 -32"><span class='ocrx_word' id='word_1_248' title='bbox 1836 1203 2106 1279; x_wconf 82' lang='lat' dir='ltr'><strong>Graccis</strong></span> <span class='ocrx_word' id='word_1_249' title='bbox 2141 1209 2389 1291; x_wconf 85' lang='lat' dir='ltr'><strong>Ephesi</strong></span> <span class='ocrx_word' id='word_1_250' title='bbox 2428 1212 2710 1293; x_wconf 83' lang='lat' dir='ltr'><strong>repertis</strong></span> <span class='ocrx_word' id='word_1_251' title='bbox 2746 1211 3029 1295; x_wconf 83' lang='lat' dir='ltr'><strong>probare</strong></span> <span class='ocrx_word' id='word_1_252' title='bbox 3064 1214 3329 1278; x_wconf 73' lang='lat' dir='ltr'><strong>adnisus</strong></span> 
     </span>
     <span class='ocr_line' id='line_1_46' title="bbox 1837 1312 3325 1379; baseline 0.009 -14"><span class='ocrx_word' id='word_1_253' title='bbox 1837 1318 1958 1379; x_wconf 77' lang='lat' dir='ltr'><strong>est,</strong></span> <span class='ocrx_word' id='word_1_254' title='bbox 2003 1322 2188 1369; x_wconf 88' lang='lat' dir='ltr'><strong>natos</strong></span> <span class='ocrx_word' id='word_1_255' title='bbox 2218 1329 2363 1371; x_wconf 89' lang='lat' dir='ltr'><strong>esse</strong></span> <span class='ocrx_word' id='word_1_256' title='bbox 2391 1331 2472 1372; x_wconf 84' lang='lat' dir='ltr'><strong>ex</strong></span> <span class='ocrx_word' id='word_1_257' title='bbox 2504 1312 2630 1374; x_wconf 89' lang='lat' dir='ltr'><strong>hoc</strong></span> <span class='ocrx_word' id='word_1_258' title='bbox 2671 1312 3088 1377; x_wconf 86' lang='lat' dir='ltr'><strong>matrimonio</strong></span> <span class='ocrx_word' id='word_1_259' title='bbox 3115 1314 3325 1379; x_wconf 85' lang='lat' dir='ltr'><strong>filium</strong></span> 
     </span>
     <span class='ocr_line' id='line_1_47' title="bbox 1836 1409 3329 1498; baseline 0.009 -31"><span class='ocrx_word' id='word_1_260' title='bbox 1836 1424 2035 1467; x_wconf 85' lang='lat' dir='ltr'><strong>unum</strong></span> <span class='ocrx_word' id='word_1_261' title='bbox 2099 1409 2536 1488; x_wconf 71' lang='lat' dir='ltr'><strong>Hadrianum,</strong></span> <span class='ocrx_word' id='word_1_262' title='bbox 2628 1411 2927 1498; x_wconf 86' lang='lat' dir='ltr'><strong>filiasque</strong></span> <span class='ocrx_word' id='word_1_263' title='bbox 2993 1414 3152 1479; x_wconf 84' lang='lat' dir='ltr'><strong>duas</strong></span> <span class='ocrx_word' id='word_1_264' title='bbox 3205 1417 3329 1480; x_wconf 76' lang='lat' dir='ltr'><strong>Fa-</strong></span> 
     </span>
     <span class='ocr_line' id='line_1_48' title="bbox 1838 1505 3325 1597; baseline 0.009 -30"><span class='ocrx_word' id='word_1_265' title='bbox 1838 1505 2095 1585; x_wconf 74' lang='lat' dir='ltr'><strong>dillam,</strong></span> <span class='ocrx_word' id='word_1_266' title='bbox 2143 1512 2467 1597; x_wconf 84' lang='lat' dir='ltr'><strong>aliamque</strong></span> <span class='ocrx_word' id='word_1_267' title='bbox 2505 1534 2889 1597; x_wconf 82' lang='lat' dir='ltr'><strong>anonymam</strong></span> <span class='ocrx_word' id='word_1_268' title='bbox 2924 1516 3002 1597; x_wconf 82' lang='lat' dir='ltr'><strong>e).</strong></span> <span class='ocrx_word' id='word_1_269' title='bbox 3074 1520 3325 1585; x_wconf 86' lang='lat' dir='ltr'><strong>Verum</strong></span> 
     </span>
     <span class='ocr_line' id='line_1_49' title="bbox 1835 1615 3331 1702; baseline 0.004 -25"><span class='ocrx_word' id='word_1_270' title='bbox 1835 1631 2294 1701; x_wconf 77' lang='lat' dir='ltr'><strong>praeterquam</strong></span> <span class='ocrx_word' id='word_1_271' title='bbox 2343 1615 2520 1702; x_wconf 89' lang='lat' dir='ltr'><strong>quod</strong></span> <span class='ocrx_word' id='word_1_272' title='bbox 2570 1617 2824 1680; x_wconf 80' lang='lat' dir='ltr'><strong>debiles</strong></span> <span class='ocrx_word' id='word_1_273' title='bbox 2865 1619 3158 1682; x_wconf 82' lang='lat' dir='ltr'><strong>¹omnino</strong></span> <span class='ocrx_word' id='word_1_274' title='bbox 3214 1640 3331 1683; x_wconf 78' lang='lat' dir='ltr'><strong>eae</strong></span> 
     </span>
     <span class='ocr_line' id='line_1_50' title="bbox 1839 1719 3335 1794; baseline 0.003 -14"><span class='ocrx_word' id='word_1_275' title='bbox 1839 1733 1988 1780; x_wconf 87' lang='lat' dir='ltr'><strong>sunt</strong></span> <span class='ocrx_word' id='word_1_276' title='bbox 2023 1720 2483 1794; x_wconf 87' lang='lat' dir='ltr'><strong>coniecturae,</strong></span> <span class='ocrx_word' id='word_1_277' title='bbox 2543 1719 2754 1782; x_wconf 86' lang='lat' dir='ltr'><strong>obstat</strong></span> <span class='ocrx_word' id='word_1_278' title='bbox 2789 1740 2919 1781; x_wconf 90' lang='lat' dir='ltr'><strong>non</strong></span> <span class='ocrx_word' id='word_1_279' title='bbox 2969 1721 3164 1784; x_wconf 89' lang='lat' dir='ltr'><strong>modo</strong></span> <span class='ocrx_word' id='word_1_280' title='bbox 3195 1722 3335 1784; x_wconf 85' lang='lat' dir='ltr'><strong>lau-</strong></span> 
     </span>
     <span class='ocr_line' id='line_1_51' title="bbox 1838 1803 3329 1903; baseline 0.004 -24"><span class='ocrx_word' id='word_1_281' title='bbox 1838 1817 2059 1882; x_wconf 66' lang='lat' dir='ltr'><strong>datum</strong></span> <span class='ocrx_word' id='word_1_282' title='bbox 2102 1803 2471 1883; x_wconf 71' lang='lat' dir='ltr'><strong>ner‘oaiani</strong></span> <span class='ocrx_word' id='word_1_283' title='bbox 2535 1821 3018 1903; x_wconf 62' lang='lat' dir='ltr'><strong>testimonium,</strong></span> <span class='ocrx_word' id='word_1_284' title='bbox 3095 1842 3329 1886; x_wconf 74' lang='lat' dir='ltr'><strong>verum</strong></span> 
     </span>
     <span class='ocr_line' id='line_1_52' title="bbox 1838 1921 3334 2008; baseline 0.001 -25"><span class='ocrx_word' id='word_1_285' title='bbox 1838 1921 2033 1983; x_wconf 89' lang='lat' dir='ltr'><strong>etiam</strong></span> <span class='ocrx_word' id='word_1_286' title='bbox 2063 1935 2323 2005; x_wconf 84' lang='lat' dir='ltr'><strong>tempus</strong></span> <span class='ocrx_word' id='word_1_287' title='bbox 2362 1921 2572 2005; x_wconf 84' lang='lat' dir='ltr'><strong>ipsum</strong></span> <span class='ocrx_word' id='word_1_288' title='bbox 2600 1967 2617 1999; x_wconf 92' lang='lat'><strong>‚</strong></span> <span class='ocrx_word' id='word_1_289' title='bbox 2663 1922 2841 2008; x_wconf 90' lang='lat' dir='ltr'><strong>quod</strong></span> <span class='ocrx_word' id='word_1_290' title='bbox 2873 1938 3149 2006; x_wconf 82' lang='lat' dir='ltr'><strong>propter</strong></span> <span class='ocrx_word' id='word_1_291' title='bbox 3179 1945 3334 1988; x_wconf 91' lang='lat' dir='ltr'><strong>con-</strong></span> 
     </span>
     <span class='ocr_line' id='line_1_53' title="bbox 1839 2021 3330 2099; baseline 0.005 -16"><span class='ocrx_word' id='word_1_292' title='bbox 1839 2036 2133 2085; x_wconf 83' lang='lat' dir='ltr'><strong>secutum</strong></span> <span class='ocrx_word' id='word_1_293' title='bbox 2158 2043 2308 2083; x_wconf 84' lang='lat' dir='ltr'><strong>mox</strong></span> <span class='ocrx_word' id='word_1_294' title='bbox 2331 2021 2668 2099; x_wconf 78' lang='lat' dir='ltr'><strong>dissidium</strong></span> <span class='ocrx_word' id='word_1_295' title='bbox 2706 2023 2811 2088; x_wconf 83' lang='lat' dir='ltr'><strong>vix</strong></span> <span class='ocrx_word' id='word_1_296' title='bbox 2839 2025 2949 2085; x_wconf 88' lang='lat' dir='ltr'><strong>uni</strong></span> <span class='ocrx_word' id='word_1_297' title='bbox 2981 2026 3330 2091; x_wconf 82' lang='lat' dir='ltr'><strong>enitendae</strong></span> 
     </span>
     <span class='ocr_line' id='line_1_54' title="bbox 1836 2123 3329 2210; baseline 0.004 -25"><span class='ocrx_word' id='word_1_298' title='bbox 1836 2123 2012 2207; x_wconf 92' lang='lat' dir='ltr'><strong>proli</strong></span> <span class='ocrx_word' id='word_1_299' title='bbox 2045 2136 2302 2206; x_wconf 87' lang='lat' dir='ltr'><strong>poterat</strong></span> <span class='ocrx_word' id='word_1_300' title='bbox 2334 2123 2695 2197; x_wconf 78' lang='lat' dir='ltr'><strong>suffecisse,</strong></span> <span class='ocrx_word' id='word_1_301' title='bbox 2742 2125 2919 2209; x_wconf 87' lang='lat' dir='ltr'><strong>quod</strong></span> <span class='ocrx_word' id='word_1_302' title='bbox 2955 2125 3163 2208; x_wconf 89' lang='lat' dir='ltr'><strong>ipsum</strong></span> <span class='ocrx_word' id='word_1_303' title='bbox 3195 2126 3329 2210; x_wconf 85' lang='lat' dir='ltr'><strong>jam</strong></span> 
     </span>
     <span class='ocr_line' id='line_1_55' title="bbox 1837 2222 3327 2298; baseline 0.004 -12"><span class='ocrx_word' id='word_1_304' title='bbox 1837 2237 1985 2290; x_wconf 82' lang='lat' dir='ltr'><strong>aute</strong></span> <span class='ocrx_word' id='word_1_305' title='bbox 2037 2245 2140 2286; x_wconf 88' lang='lat' dir='ltr'><strong>me</strong></span> <span class='ocrx_word' id='word_1_306' title='bbox 2176 2223 2459 2286; x_wconf 78' lang='lat' dir='ltr'><strong>advertit</strong></span> <span class='ocrx_word' id='word_1_307' title='bbox 2495 2222 2835 2286; x_wconf 83' lang='lat' dir='ltr'><strong>Fabricius</strong></span> <span class='ocrx_word' id='word_1_308' title='bbox 2869 2224 2949 2286; x_wconf 82' lang='lat' dir='ltr'><strong>ad</strong></span> <span class='ocrx_word' id='word_1_309' title='bbox 2977 2227 3210 2291; x_wconf 85' lang='lat' dir='ltr'><strong>Dionis</strong></span> <span class='ocrx_word' id='word_1_310' title='bbox 3243 2231 3327 2298; x_wconf 80' lang='lat' dir='ltr'><strong>L.</strong></span> 
     </span>
     <span class='ocr_line' id='line_1_56' title="bbox 1836 2321 3331 2411; baseline 0.002 -22"><span class='ocrx_word' id='word_1_311' title='bbox 1836 2326 2132 2393; x_wconf 83' lang='lat' dir='ltr'><strong>LXXVI.</strong></span> <span class='ocrx_word' id='word_1_312' title='bbox 2182 2321 2376 2411; x_wconf 57' lang='lat'><strong>§.34</strong></span> <span class='ocrx_word' id='word_1_313' title='bbox 2446 2325 2828 2389; x_wconf 85' lang='lat' dir='ltr'><strong>Froelichio</strong></span> <span class='ocrx_word' id='word_1_314' title='bbox 2879 2329 2977 2391; x_wconf 89' lang='lat' dir='ltr'><strong>sic</strong></span> <span class='ocrx_word' id='word_1_315' title='bbox 3021 2329 3331 2411; x_wconf 88' lang='lat' dir='ltr'><strong>opinandi</strong></span> 
     </span>
     <span class='ocr_line' id='line_1_57' title="bbox 1835 2425 3333 2513; baseline 0.001 -20"><span class='ocrx_word' id='word_1_316' title='bbox 1835 2450 2030 2494; x_wconf 86' lang='lat' dir='ltr'><strong>causa</strong></span> <span class='ocrx_word' id='word_1_317' title='bbox 2079 2428 2203 2490; x_wconf 82' lang='lat' dir='ltr'><strong>fuit</strong></span> <span class='ocrx_word' id='word_1_318' title='bbox 2230 2425 2633 2513; x_wconf 81' lang='lat' dir='ltr'><strong>Politianus,</strong></span> <span class='ocrx_word' id='word_1_319' title='bbox 2695 2426 2806 2510; x_wconf 85' lang='lat' dir='ltr'><strong>qui</strong></span> <span class='ocrx_word' id='word_1_320' title='bbox 2850 2428 3071 2511; x_wconf 84' lang='lat' dir='ltr'><strong>locum</strong></span> <span class='ocrx_word' id='word_1_321' title='bbox 3117 2432 3333 2494; x_wconf 54' lang='lat' dir='ltr'><strong>Heron</strong></span> 
     </span>
     <span class='ocr_line' id='line_1_58' title="bbox 1839 2526 3335 2597; baseline 0.003 -5"><span class='ocrx_word' id='word_1_322' title='bbox 1839 2530 2011 2592; x_wconf 89' lang='lat' dir='ltr'><strong>diani</strong></span> <span class='ocrx_word' id='word_1_323' title='bbox 2046 2528 2127 2593; x_wconf 70' lang='grc' dir='ltr'><strong>Β.</strong></span> <span class='ocrx_word' id='word_1_324' title='bbox 2151 2531 2262 2591; x_wconf 89' lang='lat'><strong>111.</strong></span> <span class='ocrx_word' id='word_1_325' title='bbox 2299 2547 2358 2591; x_wconf 93' lang='lat' dir='ltr'><strong>c.</strong></span> <span class='ocrx_word' id='word_1_326' title='bbox 2403 2526 2495 2589; x_wconf 77' lang='lat'><strong>13.</strong></span> <span class='ocrx_word' id='word_1_327' title='bbox 2527 2530 2621 2591; x_wconf 89' lang='lat' dir='ltr'><strong>sic</strong></span> <span class='ocrx_word' id='word_1_328' title='bbox 2659 2529 2889 2592; x_wconf 79' lang='lat' dir='ltr'><strong>vertit:</strong></span> <span class='ocrx_word' id='word_1_329' title='bbox 2950 2542 3024 2592; x_wconf 80' lang='lat' dir='ltr'><strong>at</strong></span> <span class='ocrx_word' id='word_1_330' title='bbox 3053 2534 3335 2597; x_wconf 66' lang='lat' dir='ltr'><strong>Severus</strong></span> 
     </span>
     <span class='ocr_line' id='line_1_59' title="bbox 1836 2629 3330 2715; baseline 0.003 -23"><span class='ocrx_word' id='word_1_331' title='bbox 1836 2635 2043 2711; x_wconf 72' lang='lat' dir='ltr'><strong>ipsam</strong></span> <span class='ocrx_word' id='word_1_332' title='bbox 2117 2629 2554 2710; x_wconf 84' lang='lat' dir='ltr'><strong>(Plautillam)</strong></span> <span class='ocrx_word' id='word_1_333' title='bbox 2607 2634 2860 2709; x_wconf 80' lang='lat' dir='ltr'><strong>pariter</strong></span> <span class='ocrx_word' id='word_1_334' title='bbox 2910 2652 3052 2694; x_wconf 84' lang='lat' dir='ltr'><strong>cum</strong></span> <span class='ocrx_word' id='word_1_335' title='bbox 3100 2636 3330 2715; x_wconf 69' lang='lat' dir='ltr'><strong>fillolo,</strong></span> 
     </span>
     <span class='ocr_line' id='line_1_60' title="bbox 1837 2719 3370 2817; baseline 0 -22"><span class='ocrx_word' id='word_1_336' title='bbox 1837 2754 2021 2817; x_wconf 73' lang='lat' dir='ltr'><strong>quem</strong></span> <span class='ocrx_word' id='word_1_337' title='bbox 2083 2741 2453 2813; x_wconf 79' lang='lat' dir='ltr'><strong>pepererat,</strong></span> <span class='ocrx_word' id='word_1_338' title='bbox 2522 2734 2838 2810; x_wconf 65' lang='lat' dir='ltr'><strong>relegavit</strong></span> <span class='ocrx_word' id='word_1_339' title='bbox 2885 2735 2956 2793; x_wconf 78' lang='lat' dir='ltr'><strong>in</strong></span> <span class='ocrx_word' id='word_1_340' title='bbox 3005 2735 3332 2813; x_wconf 70' lang='lat' dir='ltr'><strong>Siciliam,</strong></span> <span class='ocrx_word' id='word_1_341' title='bbox 3366 2719 3370 2724; x_wconf 51' lang='grc'><em>’</em></span> 
     </span>
    </p>
   </div>
   <div class='ocr_carea' id='block_1_15' title="bbox 1814 2832 3330 2907">
    <p class='ocr_par' dir='ltr' id='par_1_16' title="bbox 1814 2832 3330 2907">
     <span class='ocr_line' id='line_1_61' title="bbox 1814 2832 3330 2907; baseline 0.002 -11"><span class='ocrx_word' id='word_1_342' title='bbox 1814 2853 1988 2896; x_wconf 46' lang='lat' dir='ltr'><strong>scum</strong></span> <span class='ocrx_word' id='word_1_343' title='bbox 2054 2847 2275 2896; x_wconf 80' lang='lat' dir='ltr'><strong>tamen</strong></span> <span class='ocrx_word' id='word_1_344' title='bbox 2333 2846 2550 2895; x_wconf 82' lang='lat' dir='ltr'><strong>textus</strong></span> <span class='ocrx_word' id='word_1_345' title='bbox 2595 2832 2887 2896; x_wconf 86' lang='lat' dir='ltr'><strong>Graecus</strong></span> <span class='ocrx_word' id='word_1_346' title='bbox 2940 2833 3185 2907; x_wconf 73' lang='lat' dir='ltr'><strong>diserte</strong></span> <span class='ocrx_word' id='word_1_347' title='bbox 3232 2837 3330 2900; x_wconf 84' lang='lat' dir='ltr'><strong>sic</strong></span> 
     </span>
    </p>
   </div>
   <div class='ocr_carea' id='block_1_16' title="bbox 1837 2926 3338 4237">
    <p class='ocr_par' dir='ltr' id='par_1_17' title="bbox 1837 2926 3338 3934">
     <span class='ocr_line' id='line_1_62' title="bbox 1837 2926 3329 3027; baseline 0 -30"><span class='ocrx_word' id='word_1_348' title='bbox 1837 2932 2110 2999; x_wconf 78' lang='lat' dir='ltr'><strong>habeat:</strong></span> <span class='ocrx_word' id='word_1_349' title='bbox 2158 2931 2187 2997; x_wconf 82' lang='grc' dir='ltr'><em>ὃ</em></span> <span class='ocrx_word' id='word_1_350' title='bbox 2234 2928 2305 3027; x_wconf 59' lang='grc' dir='ltr'><strong>δε·</strong></span> <span class='ocrx_word' id='word_1_351' title='bbox 2325 2926 2602 3013; x_wconf 65' lang='grc' dir='ltr'><strong>Σεβηρος</strong></span> <span class='ocrx_word' id='word_1_352' title='bbox 2642 2930 2819 3007; x_wconf 73' lang='grc' dir='ltr'><strong><em>ἇυτην</em></strong></span> <span class='ocrx_word' id='word_1_353' title='bbox 2867 2956 2935 2996; x_wconf 82' lang='grc' dir='ltr'><strong>τε</strong></span> <span class='ocrx_word' id='word_1_354' title='bbox 2970 2930 3188 3010; x_wconf 53' lang='lat' dir='ltr'><strong>insarno</strong></span> <span class='ocrx_word' id='word_1_355' title='bbox 3229 2959 3329 2997; x_wconf 73' lang='grc' dir='ltr'><strong>και</strong></span> 
     </span>
     <span class='ocr_line' id='line_1_63' title="bbox 1837 3029 3333 3117; baseline 0.001 -21"><span class='ocrx_word' id='word_1_356' title='bbox 1837 3058 1938 3098; x_wconf 71' lang='grc' dir='ltr'><strong>τον</strong></span> <span class='ocrx_word' id='word_1_357' title='bbox 1992 3029 2256 3114; x_wconf 72' lang='grc' dir='ltr'><strong>ἀδελφον</strong></span> <span class='ocrx_word' id='word_1_358' title='bbox 2299 3033 2486 3111; x_wconf 55' lang='lat' dir='ltr'><strong>civ-rac</strong></span> <span class='ocrx_word' id='word_1_359' title='bbox 2531 3033 2622 3111; x_wconf 67' lang='grc' dir='ltr'><strong>ἔας</strong></span> <span class='ocrx_word' id='word_1_360' title='bbox 2666 3033 2966 3100; x_wconf 57' lang='lat' dir='ltr'><strong>Zeus-&gt;stow</strong></span> <span class='ocrx_word' id='word_1_361' title='bbox 3021 3032 3333 3117; x_wconf 71' lang='grc' dir='ltr'><strong>ἐπεμψεν,</strong></span> 
     </span>
     <span class='ocr_line' id='line_1_64' title="bbox 1841 3137 3338 3223; baseline 0.003 -24"><span class='ocrx_word' id='word_1_362' title='bbox 1841 3158 2034 3222; x_wconf 88' lang='lat' dir='ltr'><strong>quam</strong></span> <span class='ocrx_word' id='word_1_363' title='bbox 2103 3137 2458 3202; x_wconf 80' lang='lat' dir='ltr'><strong>lectionem</strong></span> <span class='ocrx_word' id='word_1_364' title='bbox 2510 3137 2816 3223; x_wconf 80' lang='lat' dir='ltr'><strong>praefert</strong></span> <span class='ocrx_word' id='word_1_365' title='bbox 2878 3141 3074 3203; x_wconf 86' lang='lat' dir='ltr'><strong>etiam</strong></span> <span class='ocrx_word' id='word_1_366' title='bbox 3120 3142 3338 3204; x_wconf 82' lang='lat' dir='ltr'><strong>Hero-</strong></span> 
     </span>
     <span class='ocr_line' id='line_1_65' title="bbox 1843 3238 3335 3322; baseline 0.002 -22"><span class='ocrx_word' id='word_1_367' title='bbox 1843 3239 2019 3300; x_wconf 88' lang='lat' dir='ltr'><strong>diani</strong></span> <span class='ocrx_word' id='word_1_368' title='bbox 2069 3238 2343 3322; x_wconf 86' lang='lat' dir='ltr'><strong>insignis</strong></span> <span class='ocrx_word' id='word_1_369' title='bbox 2412 3241 2622 3304; x_wconf 80' lang='lat' dir='ltr'><strong>codex</strong></span> <span class='ocrx_word' id='word_1_370' title='bbox 2683 3244 2836 3310; x_wconf 73' lang='lat' dir='ltr'><strong>MS.</strong></span> <span class='ocrx_word' id='word_1_371' title='bbox 2888 3239 3335 3305; x_wconf 77' lang='lat' dir='ltr'><strong>bibliothecae</strong></span> 
     </span>
     <span class='ocr_line' id='line_1_66' title="bbox 1844 3340 3333 3426; baseline -0.001 -23"><span class='ocrx_word' id='word_1_372' title='bbox 1844 3341 2229 3403; x_wconf 87' lang='lat' dir='ltr'><strong>Caesareae.</strong></span> <span class='ocrx_word' id='word_1_373' title='bbox 2289 3343 2725 3417; x_wconf 85' lang='lat' dir='ltr'><strong>Pellerinius‚</strong></span> <span class='ocrx_word' id='word_1_374' title='bbox 2805 3343 2918 3426; x_wconf 89' lang='lat' dir='ltr'><strong>qui</strong></span> <span class='ocrx_word' id='word_1_375' title='bbox 2969 3340 3333 3406; x_wconf 82' lang='lat' dir='ltr'><strong>Froelicbii</strong></span> 
     </span>
     <span class='ocr_line' id='line_1_67' title="bbox 1841 3443 3333 3525; baseline -0.001 -20"><span class='ocrx_word' id='word_1_376' title='bbox 1841 3459 2101 3505; x_wconf 87' lang='lat' dir='ltr'><strong>causam</strong></span> <span class='ocrx_word' id='word_1_377' title='bbox 2134 3461 2394 3504; x_wconf 83' lang='lat' dir='ltr'><strong>rursum</strong></span> <span class='ocrx_word' id='word_1_378' title='bbox 2428 3443 2734 3505; x_wconf 87' lang='lat' dir='ltr'><strong>tuendam</strong></span> <span class='ocrx_word' id='word_1_379' title='bbox 2774 3443 3063 3525; x_wconf 87' lang='lat' dir='ltr'><strong>suscepit</strong></span> <span class='ocrx_word' id='word_1_380' title='bbox 3092 3461 3333 3525; x_wconf 80' lang='lat' dir='ltr'><strong>propo-</strong></span> 
     </span>
     <span class='ocr_line' id='line_1_68' title="bbox 1840 3531 3335 3625; baseline -0.005 -15"><span class='ocrx_word' id='word_1_381' title='bbox 1840 3549 1968 3612; x_wconf 86' lang='lat' dir='ltr'><strong>sito</strong></span> <span class='ocrx_word' id='word_1_382' title='bbox 2018 3566 2218 3611; x_wconf 91' lang='lat' dir='ltr'><strong>numo</strong></span> <span class='ocrx_word' id='word_1_383' title='bbox 2253 3546 2581 3605; x_wconf 73' lang='lat' dir='ltr'><strong>Hadriani</strong></span> <span class='ocrx_word' id='word_1_384' title='bbox 2641 3547 2844 3605; x_wconf 80' lang='lat' dir='ltr'><strong>Getae</strong></span> <span class='ocrx_word' id='word_1_385' title='bbox 2894 3531 3335 3625; x_wconf 85' lang='lat' dir='ltr'><strong>appellatione</strong></span> 
     </span>
     <span class='ocr_line' id='line_1_69' title="bbox 1839 3633 3336 3732; baseline -0.003 -21"><span class='ocrx_word' id='word_1_386' title='bbox 1839 3648 2155 3732; x_wconf 80' lang='lat' dir='ltr'><strong>inscripto</strong></span> <span class='ocrx_word' id='word_1_387' title='bbox 2196 3644 2287 3727; x_wconf 78' lang='lat' dir='ltr'><strong>f),</strong></span> <span class='ocrx_word' id='word_1_388' title='bbox 2345 3643 2426 3706; x_wconf 90' lang='lat' dir='ltr'><strong>de</strong></span> <span class='ocrx_word' id='word_1_389' title='bbox 2467 3664 2596 3727; x_wconf 91' lang='lat' dir='ltr'><strong>quo</strong></span> <span class='ocrx_word' id='word_1_390' title='bbox 2639 3639 2871 3727; x_wconf 80' lang='lat' dir='ltr'><strong>agetur</strong></span> <span class='ocrx_word' id='word_1_391' title='bbox 2901 3644 3070 3706; x_wconf 83' lang='lat' dir='ltr'><strong>infra</strong></span> <span class='ocrx_word' id='word_1_392' title='bbox 3111 3643 3181 3705; x_wconf 92' lang='lat' dir='ltr'><strong>in</strong></span> <span class='ocrx_word' id='word_1_393' title='bbox 3219 3633 3336 3707; x_wconf 86' lang='lat' dir='ltr'><strong>no·</strong></span> 
     </span>
     <span class='ocr_line' id='line_1_70' title="bbox 1840 3741 3331 3829; baseline -0.004 -18"><span class='ocrx_word' id='word_1_394' title='bbox 1840 3749 2125 3811; x_wconf 89' lang='lat' dir='ltr'><strong>minibus</strong></span> <span class='ocrx_word' id='word_1_395' title='bbox 2164 3746 2407 3823; x_wconf 88' lang='lat' dir='ltr'><strong>Getae,</strong></span> <span class='ocrx_word' id='word_1_396' title='bbox 2464 3743 2694 3807; x_wconf 85' lang='lat' dir='ltr'><strong>iisdem</strong></span> <span class='ocrx_word' id='word_1_397' title='bbox 2741 3741 2939 3807; x_wconf 88' lang='lat' dir='ltr'><strong>facile</strong></span> <span class='ocrx_word' id='word_1_398' title='bbox 2986 3763 3331 3829; x_wconf 78' lang='lat' dir='ltr'><strong>argumen-</strong></span> 
     </span>
     <span class='ocr_line' id='line_1_71' title="bbox 1840 3845 3089 3934; baseline -0.005 -21"><span class='ocrx_word' id='word_1_399' title='bbox 1840 3850 1946 3927; x_wconf 87' lang='lat' dir='ltr'><strong>tis,</strong></span> <span class='ocrx_word' id='word_1_400' title='bbox 1990 3849 2225 3934; x_wconf 86' lang='lat' dir='ltr'><strong>quibus</strong></span> <span class='ocrx_word' id='word_1_401' title='bbox 2260 3845 2697 3922; x_wconf 79' lang='lat' dir='ltr'><strong>Froelichius‚</strong></span> <span class='ocrx_word' id='word_1_402' title='bbox 2736 3845 3089 3909; x_wconf 86' lang='lat' dir='ltr'><strong>refellitur.</strong></span> 
     </span>
    </p>

    <p class='ocr_par' dir='ltr' id='par_1_18' title="bbox 1840 3946 3332 4237">
     <span class='ocr_line' id='line_1_72' title="bbox 1966 3946 3332 4034; baseline 0 -24"><span class='ocrx_word' id='word_1_403' title='bbox 1966 3951 2377 4034; x_wconf 79' lang='lat' dir='ltr'><strong>spartianum</strong></span> <span class='ocrx_word' id='word_1_404' title='bbox 2403 3993 2420 4024; x_wconf 89' lang='lat'>‚</span> <span class='ocrx_word' id='word_1_405' title='bbox 2467 3947 2579 4032; x_wconf 87' lang='lat' dir='ltr'><strong>qui</strong></span> <span class='ocrx_word' id='word_1_406' title='bbox 2625 3947 2971 4029; x_wconf 86' lang='lat' dir='ltr'><strong>aliquoties</strong></span> <span class='ocrx_word' id='word_1_407' title='bbox 3011 3946 3332 4030; x_wconf 79' lang='lat' dir='ltr'><strong>Elagaba-</strong></span> 
     </span>
     <span class='ocr_line' id='line_1_73' title="bbox 1840 4046 3332 4130; baseline -0.005 -14"><span class='ocrx_word' id='word_1_408' title='bbox 1840 4053 1980 4116; x_wconf 92' lang='lat' dir='ltr'><strong>lum</strong></span> <span class='ocrx_word' id='word_1_409' title='bbox 2021 4050 2393 4115; x_wconf 85' lang='lat' dir='ltr'><strong>Caracallae</strong></span> <span class='ocrx_word' id='word_1_410' title='bbox 2427 4047 2635 4113; x_wconf 88' lang='lat' dir='ltr'><strong>filium</strong></span> <span class='ocrx_word' id='word_1_411' title='bbox 2681 4050 2846 4113; x_wconf 84' lang='lat' dir='ltr'><strong>dixit</strong></span> <span class='ocrx_word' id='word_1_412' title='bbox 2873 4050 2973 4127; x_wconf 74' lang='grc'><strong>3),</strong></span> <span class='ocrx_word' id='word_1_413' title='bbox 3034 4048 3099 4109; x_wconf 88' lang='lat' dir='ltr'><strong>in</strong></span> <span class='ocrx_word' id='word_1_414' title='bbox 3138 4046 3332 4130; x_wconf 83' lang='lat' dir='ltr'><strong>hujus</strong></span> 
     </span>
     <span class='ocr_line' id='line_1_74' title="bbox 1840 4149 2732 4237; baseline -0.008 -18"><span class='ocrx_word' id='word_1_415' title='bbox 1840 4154 1975 4219; x_wconf 82' lang='lat' dir='ltr'><strong>vita</strong></span> <span class='ocrx_word' id='word_1_416' title='bbox 2005 4153 2074 4217; x_wconf 89' lang='lat' dir='ltr'><strong>in</strong></span> <span class='ocrx_word' id='word_1_417' title='bbox 2105 4150 2423 4237; x_wconf 85' lang='lat' dir='ltr'><strong>judicium</strong></span> <span class='ocrx_word' id='word_1_418' title='bbox 2465 4149 2732 4215; x_wconf 87' lang='lat' dir='ltr'><strong>vocabo.</strong></span> 
     </span>
    </p>
   </div>
   <div class='ocr_carea' id='block_1_17' title="bbox 3291 4356 3337 4384">
    <p class='ocr_par' dir='ltr' id='par_1_19' title="bbox 3291 4356 3337 4384">
     <span class='ocr_line' id='line_1_75' title="bbox 3291 4356 3337 4384; baseline 0 -8"><span class='ocrx_word' id='word_1_419' title='bbox 3291 4356 3337 4384; x_wconf 55' lang='lat' dir='ltr'><em>Q</em></span> 
     </span>
    </p>
   </div>
   <div class='ocr_carea' id='block_1_18' title="bbox 276 4494 3342 4682">
    <p class='ocr_par' dir='ltr' id='par_1_20' title="bbox 276 4494 3342 4682">
     <span class='ocr_line' id='line_1_76' title="bbox 334 4494 3336 4590; baseline -0.008 -16"><span class='ocrx_word' id='word_1_420' title='bbox 334 4518 390 4590; x_wconf 82' lang='lat' dir='ltr'><strong>a)</strong></span> <span class='ocrx_word' id='word_1_421' title='bbox 422 4510 702 4571; x_wconf 86' lang='lat' dir='ltr'><strong>Raccolta</strong></span> <span class='ocrx_word' id='word_1_422' title='bbox 737 4509 799 4567; x_wconf 89' lang='lat' dir='ltr'><strong>di</strong></span> <span class='ocrx_word' id='word_1_423' title='bbox 832 4507 1115 4585; x_wconf 84' lang='lat' dir='ltr'><strong>Calogera</strong></span> <span class='ocrx_word' id='word_1_424' title='bbox 1145 4506 1315 4566; x_wconf 88' lang='lat' dir='ltr'><strong>Tom.</strong></span> <span class='ocrx_word' id='word_1_425' title='bbox 1345 4504 1417 4562; x_wconf 88' lang='lat'><strong>11.</strong></span> <span class='ocrx_word' id='word_1_426' title='bbox 1451 4524 1509 4581; x_wconf 91' lang='lat' dir='ltr'><strong>p.</strong></span> <span class='ocrx_word' id='word_1_427' title='bbox 1546 4505 1635 4566; x_wconf 68' lang='lat'><strong>65.</strong></span> <span class='ocrx_word' id='word_1_428' title='bbox 1710 4499 1780 4571; x_wconf 91' lang='lat' dir='ltr'><strong>b)</strong></span> <span class='ocrx_word' id='word_1_429' title='bbox 1818 4496 2283 4558; x_wconf 82' lang='lat' dir='ltr'><strong>Herodian.&#39;Dio</strong></span> <span class='ocrx_word' id='word_1_430' title='bbox 2316 4496 2385 4556; x_wconf 87' lang='lat' dir='ltr'><strong>L.</strong></span> <span class='ocrx_word' id='word_1_431' title='bbox 2413 4494 2682 4557; x_wconf 84' lang='lat' dir='ltr'><strong>LXXVI.</strong></span> <span class='ocrx_word' id='word_1_432' title='bbox 2713 4496 2759 4568; x_wconf 88' lang='lat'><strong>§.</strong></span> <span class='ocrx_word' id='word_1_433' title='bbox 2791 4496 2844 4560; x_wconf 91' lang='lat'><strong>6.</strong></span> <span class='ocrx_word' id='word_1_434' title='bbox 2939 4496 3000 4567; x_wconf 76' lang='lat' dir='ltr'><strong>c)</strong></span> <span class='ocrx_word' id='word_1_435' title='bbox 3036 4495 3076 4552; x_wconf 92' lang='lat' dir='ltr'><strong>l.</strong></span> <span class='ocrx_word' id='word_1_436' title='bbox 3107 4514 3157 4553; x_wconf 87' lang='lat' dir='ltr'><strong>c.</strong></span> <span class='ocrx_word' id='word_1_437' title='bbox 3198 4499 3247 4568; x_wconf 52' lang='grc' dir='ltr'><strong>ᾗ.</strong></span> <span class='ocrx_word' id='word_1_438' title='bbox 3279 4506 3336 4562; x_wconf 78' lang='lat'><strong>3.</strong></span> 
     </span>
     <span class='ocr_line' id='line_1_77' title="bbox 276 4582 3342 4682; baseline -0.008 -18"><span class='ocrx_word' id='word_1_439' title='bbox 276 4605 338 4676; x_wconf 86' lang='lat' dir='ltr'><strong>d)</strong></span> <span class='ocrx_word' id='word_1_440' title='bbox 375 4600 593 4682; x_wconf 87' lang='lat' dir='ltr'><strong>Epoch.</strong></span> <span class='ocrx_word' id='word_1_441' title='bbox 636 4599 1016 4679; x_wconf 78' lang='lat' dir='ltr'><strong>Syromaeed.</strong></span> <span class='ocrx_word' id='word_1_442' title='bbox 1128 4600 1189 4673; x_wconf 83' lang='lat' dir='ltr'><strong>e)</strong></span> <span class='ocrx_word' id='word_1_443' title='bbox 1226 4596 1332 4658; x_wconf 83' lang='lat' dir='ltr'><strong>lv.</strong></span> <span class='ocrx_word' id='word_1_444' title='bbox 1372 4595 1635 4654; x_wconf 82' lang='lat' dir='ltr'><strong>Teutam.</strong></span> <span class='ocrx_word' id='word_1_445' title='bbox 1675 4611 1740 4669; x_wconf 89' lang='lat' dir='ltr'><strong>p.</strong></span> <span class='ocrx_word' id='word_1_446' title='bbox 1774 4598 1900 4655; x_wconf 73' lang='lat'><strong>454.</strong></span> <span class='ocrx_word' id='word_1_447' title='bbox 1934 4606 2058 4665; x_wconf 88' lang='lat' dir='ltr'><strong>seq.</strong></span> <span class='ocrx_word' id='word_1_448' title='bbox 2184 4587 2240 4663; x_wconf 73' lang='grc' dir='ltr'><strong>ί)</strong></span> <span class='ocrx_word' id='word_1_449' title='bbox 2277 4585 2417 4645; x_wconf 84' lang='lat' dir='ltr'><strong>Rec.</strong></span> <span class='ocrx_word' id='word_1_450' title='bbox 2455 4587 2621 4646; x_wconf 82' lang='lat' dir='ltr'><strong>Tom.</strong></span> <span class='ocrx_word' id='word_1_451' title='bbox 2652 4584 2754 4645; x_wconf 88' lang='lat'><strong>111.</strong></span> <span class='ocrx_word' id='word_1_452' title='bbox 2793 4606 2855 4665; x_wconf 88' lang='lat' dir='ltr'><strong>p.</strong></span> <span class='ocrx_word' id='word_1_453' title='bbox 2889 4582 3049 4644; x_wconf 85' lang='lat' dir='ltr'><strong>XIII.</strong></span> <span class='ocrx_word' id='word_1_454' title='bbox 3175 4585 3240 4662; x_wconf 81' lang='lat' dir='ltr'><strong>g)</strong></span> <span class='ocrx_word' id='word_1_455' title='bbox 3277 4584 3342 4640; x_wconf 84' lang='lat' dir='ltr'><strong>in</strong></span> 
     </span>
    </p>
   </div>
   <div class='ocr_carea' id='block_1_19' title="bbox 277 4697 850 4867">
    <p class='ocr_par' dir='ltr' id='par_1_21' title="bbox 277 4697 850 4867">
     <span class='ocr_line' id='line_1_78' title="bbox 277 4697 843 4776; baseline -0.019 -18"><span class='ocrx_word' id='word_1_456' title='bbox 277 4697 460 4758; x_wconf 78' lang='lat' dir='ltr'><strong>carac.</strong></span> <span class='ocrx_word' id='word_1_457' title='bbox 500 4714 551 4776; x_wconf 82' lang='lat' dir='ltr'><strong>e.</strong></span> <span class='ocrx_word' id='word_1_458' title='bbox 581 4706 637 4766; x_wconf 88' lang='lat'><strong>9.</strong></span> <span class='ocrx_word' id='word_1_459' title='bbox 670 4699 727 4747; x_wconf 86' lang='lat' dir='ltr'><strong>et</strong></span> <span class='ocrx_word' id='word_1_460' title='bbox 756 4702 843 4749; x_wconf 82' lang='lat'><strong>11.</strong></span> 
     </span>
     <span class='ocr_line' id='line_1_79' title="bbox 444 4781 850 4867; baseline -0.005 -18"><span class='ocrx_word' id='word_1_461' title='bbox 444 4787 622 4867; x_wconf 82' lang='lat' dir='ltr'><strong>(Vol.</strong></span> <span class='ocrx_word' id='word_1_462' title='bbox 674 4781 850 4864; x_wconf 69' lang='grc'><em>711.)</em></span> 
     </span>
    </p>
   </div>
   <div class='ocr_carea' id='block_1_20' title="bbox 2824 4766 2937 4831">
    <p class='ocr_par' dir='ltr' id='par_1_22' title="bbox 2824 4766 2937 4831">
     <span class='ocr_line' id='line_1_80' title="bbox 2824 4766 2937 4831; baseline 0.027 -3"><span class='ocrx_word' id='word_1_463' title='bbox 2824 4766 2937 4831; x_wconf 70' lang='lat' dir='ltr'><strong>Fr</strong></span> 
     </span>
    </p>
   </div>
  </div>
 </body>
</html>
