4652 5937
1736 443 1888 519 GE
1911 443 2081 520 TA.

1861 678 1872 691 .
1968 642 2166 714 atque
2210 614 2407 694 etiam
2459 628 2773 717 deinceps
2817 656 3062 703 nomen
3091 641 3269 710 istud
3310 666 3471 713 non·

930 620 1053 693 No
1073 627 1311 690 mina.

485 836 748 909 Luctus,
791 831 1079 907 Publius.
1120 826 1286 892 Inde
1316 848 1353 891 a
1389 828 1751 894 Commodo
1767 831 1862 895 al·

362 951 580 999 terum
627 931 860 998 hocin
916 931 1082 994 Geta
1118 931 1493 1015 exemplum
1544 924 1862 999 habemus

357 1033 751 1101 variantium
801 1032 1323 1123 praenominum.
1367 1024 1563 1094 Ratio
1599 1032 1665 1095 in
1693 1034 1860 1097 Geta

358 1160 491 1202 non
532 1137 687 1200 satis
726 1133 1072 1217 expedita3
1115 1153 1263 1195 nam
1297 1130 1571 1196 difficile
1606 1147 1729 1210 est,
1774 1154 1859 1197 ex

360 1237 578 1301 nnmis
618 1237 850 1299 saltem
887 1232 1229 1322 commatis
1271 1233 1552 1296 Romani
1588 1235 1858 1313 elicere,

357 1342 533 1402 sitne
570 1336 808 1400 eodem
839 1348 1143 1417 tempore
1170 1334 1546 1417 promiscue
1577 1348 1858 1422 utroque

357 1437 789 1525 praenomine
834 1456 1027 1510 usus,
1073 1456 1152 1496 an
1196 1434 1543 1519 repudiato
1585 1458 1862 1521 praeno-

356 1540 540 1603 mine
589 1540 818 1613 Lucii,
886 1533 1066 1620 quod
1118 1535 1307 1598 initio
1361 1537 1703 1620 proprium
1749 1537 1862 1601 ba·

355 1641 524 1718 buit,
569 1637 655 1703 ad
671 1638 953 1702 alterum
971 1638 1188 1700 Publii
1222 1637 1634 1714 transiverit3
1681 1638 1860 1725 quod

362 1739 669 1826 expediri
701 1739 811 1805 vix
830 1739 1096 1822 poterit,
1117 1737 1423 1823 quoniam
1448 1740 1630 1803 numi
1648 1741 1858 1804 Getae

358 1857 511 1907 ante
547 1841 691 1925 ejus
741 1839 1149 1906 consulatum
1181 1839 1420 1926 signati
1462 1841 1634 1905 notis
1666 1842 1860 1907 chro-

357 1943 689 2028 nologicis
764 1940 1226 2005 destituuntur.
1322 1941 1505 2005 Istud
1577 1957 1854 2023 certum,

356 2045 512 2109 inde
542 2043 625 2107 ab
667 2063 838 2106 anno
870 2043 948 2109 V.
972 2042 1055 2105 C.
1091 2041 1217 2125 958
1251 2041 1675 2128 jam'penitus
1709 2067 1859 2131 sup·

318 2125 329 2141 ¹
358 2166 653 2229 pressam
691 2147 882 2206 Lucii
908 2143 1436 2226 appellationem.
1480 2145 1567 2209 At
1600 2160 1857 2210 exstant

356 2246 541 2309 numi
580 2246 857 2320 Graeci,
918 2243 1031 2328 qui
1063 2258 1415 2329 utrumque
1450 2266 1851 2330 praenomen

363 2346 792 2431 conjungunt.
880 2343 992 2407 Sic
1046 2342 1117 2405 in
1178 2342 1350 2406 binis
1412 2348 1629 2415 numia
1690 2348 1855 2412 inte»

360 2447 672 2532 geri-imis
704 2447 1199 2509 Neocaesareae
1230 2446 1430 2509 Ponti
1474 2448 1643 2532 apud
1680 2452 1856 2531 Βαγ-

354 2548 562 2610 mium
596 2548 653 2609 is
688 2545 969 2610 <licitere
1015 2541 1107 2606 A.
1155 2542 1245 2607 Π.
1287 2545 1494 2614 ΟΕΠ.
1526 2545 1852 2616 ΓΕΤΑΟ.

352 2646 601 2713 KAIC.
634 2649 720 2728 ΙΙ).
787 2648 861 2708 In
895 2642 1025 2709 alio
1067 2645 1291 2728 Gythii
1326 2650 1653 2714 Laconiae
1687 2652 1859 2737 apud

353 2746 834 2813 Pelleriniumz
883 2739 1099 2808 ΛΟΤ.
1125 2742 1217 2808 Π.
1265 2743 1587 2815 ΓΕΤΑΟ.
1620 2747 1688 2831 ¹³)
1734 2773 1858 2837 qua

357 2852 425 2911 in
452 2870 649 2914 causa
672 2846 944 2912 difficile
966 2867 1120 2909 sane
1159 2838 1256 2912 est
1278 2849 1602 2915 arbitrari.
1644 2853 1854 2917 Forte

253 2932 261 2941 ⁹
358 2949 612 3036 placuit
628 2949 697 3012 in
731 2967 881 3012 eum
915 2970 1279 3032 congerere
1306 2966 1655 3040 utrumque
1672 2977 1859 3041 prae-

356 3040 603 3116 nomen
628 3095 649 3128 ,
712 3072 993 3136 quorum
1031 3075 1229 3114 unum
1267 3053 1460 3117 Lucii
1491 3054 1617 3119 fuit
1654 3059 1857 3139 patris

360 3152 632 3227 Severi,
724 3152 1003 3215 alterum
1061 3153 1281 3215 Publii
1341 3158 1597 3236 patrui,
1669 3158 1854 3241 cujus

356 3250 527 3315 Geta
561 3265 788 3316 noster
822 3252 1037 3316 omnia
1059 3254 1327 3318 nomina
1363 3254 1610 3333 habuit,
1656 3279 1852 3341 quem

356 3372 600 3435 nempe
685 3374 976 3417 marmor
1069 3351 1458 3437 Gortynium
1532 3357 1855 3439 appellat:

358 3449 876 3532 noTBAION.
1026 3449 1589 3519 certhMloN.
1711 3452 1858 3528 PE-

362 3553 583 3617 TAN.
626 3553 706 3636 c).
784 3556 1093 3617 Ceterum
1130 3556 1441 3642 geminati
1489 3539 1891 3640 praenomi„

357 3657 461 3719 nis
507 3656 577 3718 in
631 3675 763 3720 uno
818 3656 1185 3741 eodemque
1233 3656 1498 3719 homine
1553 3660 1855 3743 exempla

360 3757 551 3839 plura
589 3776 671 3818 ex
709 3757 1144 3821 marmoribus
1182 3758 1460 3823 contulit
1491 3759 1854 3846 diligentis·

364 3858 569 3919 simus
597 3856 916 3919 Max-iuius
947 3857 1034 3936 d).

494 3962 673 4022 Pius.
717 3957 1045 4053 Quamdiu
1081 3959 1323 4023 Caesar
1349 3976 1527 4039 erat,
1581 3963 1708 4027 hoc
1742 3986 1856 4029 no·

363 4059 541 4121 mine
594 4059 943 4134 abstinuit,
1009 4081 1178 4124 mot
1212 4083 1339 4125 una
1381 4082 1532 4126 cum
1578 4063 1871 4149 Augusti'

363 4159 630 4223 nomine
666 4162 975 4244 suscepit.
1024 4161 1176 4227 Fuit
1203 4182 1358 4226 sane
1385 4162 1515 4228 hoc
1537 4177 1856 4250 tempore,

3259 498 3266 503 ·
3301 478 3450 551 235

1968 731 2100 797 nisi
2135 731 2450 818 Augustis
2484 737 2852 819 proprium.

2096 873 2486 944 Antonium.
2547 871 2651 935 Ab
2704 873 2866 957 ipsis
2904 879 3242 946 veteribus
3284 883 3472 950 dubi·

1960 984 2218 1049 tatum,
2297 968 2520 1035 utrum
2566 970 2777 1038 Getae
2837 978 3154 1042 Antonini
3226 1006 3472 1053 nomen

1971 1072 2216 1149 fuerit,
2286 1083 2360 1136 ut
2406 1073 2748 1159 colligitur
2807 1098 2889 1140 ex
2940 1080 3284 1164 spartiano
3346 1092 3469 1153 sub

1973 1174 2231 1237 initium
2274 1168 2447 1235 vitae
2502 1176 2731 1240 Getae.
2801 1180 3127 1249 Continuo
3180 1189 3486 1270 probare-

1974 1274 2242 1358 copiose
2294 1272 2611 1355 instituit,
2695 1299 2848 1342 eum
2898 1304 3160 1370 quoque
3222 1290 3471 1357 dictum

1890 1438 1893 1447 ,
1972 1375 2415 1451 Antoninum,
2476 1378 2655 1462 quod
2700 1394 2769 1446 et
2823 1382 3069 1449 diserte
3119 1389 3473 1472 profitetur

1976 1474 2381 1560 Capitolinus
2415 1479 2494 1556 e).
2537 1482 2736 1544 Numi
2764 1483 2932 1549 hanc
2959 1482 3466 1571 appellationem

1973 1575 2301 1659 ignorant.
2406 1576 2733 1646 Gruterus
2784 1607 2934 1670 pag.
2993 1590 3133 1670 ¹57·
3191 1605 3473 1675 quatuor

1975 1677 2209 1741 ordine
2254 1698 2582 1744 maa-mora
2636 1685 2936 1767 profert,
3010 1709 3179 1773 quae
3235 1692 3469 1758 Getam

1970 1779 2375 1841 Antoninum
2415 1780 2677 1861 dicunt,
2722 1784 2841 1849 sed
2874 1787 2978 1865 iis,
3026 1803 3170 1854 utut
3206 1793 3466 1860 sincera

1970 1878 2271 1962 profiteri
2310 1880 2587 1945 velim‘us
2610 1927 2628 1960 ,
2675 1886 2882 1949 nolim
2916 1909 3178 1954 omnem
3213 1894 3467 1961 babere

1969 1976 2191 2044 fidem.
2264 1979 2437 2049 Vide
2485 1982 2722 2061 etiam,
2781 1988 2949 2072 quae
2989 1991 3058 2053 in
3107 1996 3472 2081 Elagabalo

1971 2081 2055 2145 ad
2083 2102 2324 2144 nomen
2363 2084 2680 2147 Antonini
2715 2089 2978 2154 notabo.

2096 2222 2390 2284 Severus.
2452 2223 2522 2288 Si
2554 2219 2720 2288 fides
2762 2229 3075 2292 marmori
3105 2232 3466 2316 Hispanico

1968 2321 2144 2403 apud
2194 2320 2552 2387 Gruterum
2596 2321 2683 2405 s),
2750 2328 2987 2392 Severi
3031 2353 3295 2417 quoque
3352 2357 3470 2400 no·

1968 2441 2120 2484 men
2169 2422 2428 2501 habuit,
2492 2424 2609 2489 sed
2648 2425 2824 2491 istud
2873 2431 3001 2494 alia
3044 2451 3466 2501 monumenta

1969 2520 2400 2589 dissimulant.
2467 2568 2487 2584 .

2103 2656 2502 2717 Hadrianus.
2564 2655 2632 2717 In
2666 2678 2868 2721 numo
2900 2660 2981 2722 ab
3014 2662 3358 2729 Iliensibus
3386 2667 3471 2729 si·
3543 2656 3548 2661 ’

1975 2765 2197 2835 gnam,
2237 2766 2311 2815 ut
2341 2767 2574 2818 auctor
2600 2771 2699 2821 est
2719 2760 3116 2826 Pellerinius
3146 2766 3243 2845 8),
3288 2765 3468 2848 juxta

1974 2848 2182 2918 Getae
2216 2866 2411 2938 caput
2456 2856 2736 2941 legitur:
2797 2856 2889 2922 Π.
2936 2859 3209 2932 cerl‘r.
3265 2866 3468 2932 AAP.

1971 2949 2301 3021 PGTAC.
2337 2953 2522 3037 KA.,
2569 2980 2700 3044 qno
2738 2961 2976 3041 confit,
3023 2967 3230 3032 Getae
3266 2971 3466 3033 etiam
3567 3047 3574 3052 ,

1969 3060 2301 3121 Hadriani
2331 3067 2574 3123 nomen
2613 3060 2837 3126 fuisse.
2902 3065 3287 3152 suspicatur
3317 3073 3472 3136 Pel·

1968 3158 2282 3237 lerinius,
2341 3182 2609 3224 numum
2660 3162 2834 3227 hunc
2865 3189 2995 3230 non
3046 3171 3124 3232 ad
3171 3185 3465 3237 nostrum

1971 3257 2244 3334 Getam,
2330 3265 2449 3328 sed
2510 3268 2788 3330 alterum
2853 3269 3137 3354 aliquem
3190 3277 3471 3338 Hadria-

1967 3379 2117 3421 num
2186 3366 2448 3441 Getam,
2546 3369 2922 3432 Caracallae
3006 3392 3088 3433 ex
3151 3375 3461 3438 Plautilla

1971 3456 2148 3523 forte
2236 3460 2446 3527 filium
2538 3487 2734 3549 posse
2806 3470 3165 3551 pertinere.
3248 3477 3469 3561 Argu·

1969 3576 2208 3638 menta,
2254 3584 2421 3648 quae
2459 3565 2712 3644 adfert,
2756 3569 2947 3634 valde
2991 3587 3140 3635 sunt
3183 3573 3465 3653 infirma,

1966 3675 2036 3724 et
2079 3662 2238 3727 solis
2282 3666 2641 3742 Proelichii
2701 3671 3134 3754 conjecturis,
3203 3675 3322 3740 sed
3363 3677 3467 3742 his

1966 3781 2230 3848 quoque
2268 3765 2586 3844 infirmis,
2629 3772 2822 3858 nixa,
2888 3794 3046 3859 quas
3086 3775 3218 3858 jam
3269 3799 3468 3863 supra

1967 3864 2038 3927 in
2110 3864 2342 3928 liberis
2415 3871 2762 3934 Plautillae
2838 3874 3136 3946 refutavi.
3259 3877 3467 3941 Dubi-

1968 3966 2093 4029 tari
2140 3986 2303 4051 ergo
2347 3971 2611 4054 nequit,
2672 3971 2850 4037 hunc,
2890 3995 3152 4060 quoque
3194 4000 3484 4048 numum¹

1962 4086 2121 4129 esse
2163 4065 2373 4131 Getae
2431 4072 2663 4136 Severi
2717 4072 2876 4149 filii,
2931 4095 3302 4162 nomenque
3365 4080 3468 4142 illi

1968 4165 2291 4232 Hadriani
2342 4192 2375 4233 a
2415 4186 2601 4253 patre
2637 4173 2852 4238 datum
2876 4222 2892 4253 ,
2956 4177 3068 4262 qui
3103 4197 3181 4239 ,se
3207 4197 3331 4262 per
3380 4181 3466 4241 ri»

726 4346 730 4351 ,
2349 4351 2356 4366 a

866 4453 873 4468 '
1928 4483 1939 4490 ἢ

392 4545 498 4630 ⁵a)
539 4541 705 4600 Tum.
741 4543 815 4600 ΙΙ.
853 4564 912 4620 p.
940 4554 1066 4609 335.

288 4640 304 4655 ‘
367 4633 427 4702 e)
466 4630 524 4687 in
564 4631 828 4690 MacrIno
868 4652 917 4691 c.
950 4643 1004 4697 3.
1154 4635 1207 4707 f)
1248 4636 1387 4711 Pag.
1424 4637 1548 4699 267.
1584 4647 1633 4698 2.

1197 4519 1267 4619 b)
1306 4545 1439 4603 Mel.
1481 4545 1550 4602 11.
1591 4565 1651 4622 p.
1690 4550 1811 4610 160.
1923 4553 1984 4623 c)
2025 4552 2259 4609 Gruter.
2301 4575 2360 4630 p.
2404 4569 2564 4631 1099.
2596 4571 2645 4622 7.

1785 4644 1848 4715 g)
1874 4637 2025 4699 Boc.
2060 4640 2160 4699 111.
2200 4660 2259 4715 p.
2296 4642 2456 4703 XIII.

2771 4556 2841 4631 d)
2878 4559 3035 4619 Frat.
3075 4578 3204 4622 arv.
3234 4582 3294 4638 p.
3332 4571 3457 4631 234.
3576 4528 3582 4531 γ

2838 4806 3055 4888 ch
