4652 5937
1463 447 2178 523 GALLIENVS.

263 652 483 705 sentct
513 635 596 719 1¹).
642 633 789 730 Quo
814 633 966 696 loco
998 628 1281 694 alienum
1316 649 1449 694 non
1493 628 1757 694 videtur

258 760 574 817 monere,
639 758 762 823 pro
817 736 1023 797 ariete
1084 753 1547 819 nonnunquam
1602 732 1756 818 poni

257 842 557 920 hircum,
616 838 800 903 velut
856 838 923 898 in
986 856 1248 920 gemma
1300 833 1510 897 musei
1572 832 1757 896 ducis

259 939 758 1007 Aurelianensis
787 936 887 1018 ¹³),
927 952 993 1000 et
1024 938 1089 998 in
1121 956 1321 999 numo
1353 934 1653 998 Corinthi
1680 937 1756 997 L.

260 1044 428 1113 Veri
460 1046 541 1123 e).
598 1040 921 1104 Nimirum
958 1037 1329 1101 Mercurius
1364 1059 1510 1100 cum
1547 1039 1763 1098 Pene-

262 1146 468 1232 lopen
503 1143 873 1229 deperiret,
905 1153 978 1201 ut
1024 1159 1100 1201 ea
1146 1138 1280 1200 frui
1323 1153 1583 1220 posset,
1628 1139 1765 1199 ¹hir-

264 1251 348 1313 c'o
393 1266 465 1309 ae
511 1243 939 1317 adsimilavit,
1014 1256 1207 1325 atque
1254 1239 1381 1301 hoc
1425 1239 1599 1302 facto
1644 1243 1763 1302 Pa-

263 1369 389 1411 nos
415 1358 600 1430 pater
629 1345 899 1419 exstitit,
936 1356 1005 1404 ut
1034 1354 1299 1402 narrant
1325 1341 1645 1402 Lucianus
1679 1338 1762 1419 d),

269 1462 341 1513 et
379 1445 732 1511 scholiasta
778 1442 1121 1507 Theocriti
1157 1445 1230 1518 ο).
1278 1442 1586 1503 Ceterum
1631 1461 1763 1501 non

266 1549 634 1632 adsequor,
681 1565 802 1609 cur
845 1544 1125 1606 tributus
1159 1542 1495 1603 Mercurio
1532 1542 1599 1603 in
1637 1543 1764 1605 hoc

265 1669 470 1710 numo
514 1647 685 1710 aries
729 1646 795 1709 in
840 1648 1090 1731 piscem
1136 1640 1427 1718 desinat,
1494 1644 1614 1705 etsi
1674 1643 1767 1707 fa·

268 1753 400 1817 cile
455 1751 581 1813 fuit
628 1748 996 1832 pictoribus
1041 1758 1107 1807 et
1149 1744 1364 1828 poetis
1408 1744 1765 1820 veteribus,

267 1850 574 1916 animalia
615 1851 924 1932 quaevis,
970 1866 1135 1931 quae
1183 1859 1361 1908 terra
1407 1847 1653 1929 gignit,
1701 1847 1767 1906 in

266 1954 486 2037 pisces
532 1963 809 2017 mutare.
857 1951 984 2017 Vel
1024 1969 1189 2010 unns
1228 1946 1620 2008 Claudianus
1657 1967 1771 2008 no·

270 2052 376 2115 bis
420 2051 736 2137 tigrides,
783 2053 1064 2125 arietes,
1109 2049 1410 2118 leaenas,
1452 2046 1772 2129 juvencos

272 2155 560 2229 marinos
606 2150 789 2213 dedit
829 2149 922 2234 s),
984 2151 1281 2241 picturae
1322 2147 1774 2208 Herculanen-

277 2274 384 2317 ses
444 2240 749 2337 adjecere
810 2273 1093 2337 equum,
1153 2245 1575 2334 pantheram,
1638 2262 1774 2312 tau-

274 2376 423 2418 rum
456 2356 541 2437 ε).

860 2558 1176 2620 Minerva.

277 2753 703 2831 mmmm.
755 2757 959 2827 Ave.
1042 2760 1184 2841 nea
1226 2728 1609 2819 etamjAE.
1655 2750 1766 2813 111.

282 2858 605 2945 (Tanini.)

844 3068 1194 3143 Neptunus.
1241 3044 1251 3050 ’

408 3262 852 3331 NEPTVNO.
879 3262 1128 3323 CONS.
1150 3259 1347 3326 AVG.
1397 3264 1616 3343 Equus
1638 3280 1774 3321 ma-

284 3370 485 3428 rium.
531 3366 666 3426 AR.
711 3366 849 3425 AE.
891 3364 999 3437 111.
1051 3364 1249 3438 (Mus.
1305 3362 1489 3423 Caes.
1537 3359 1774 3440 Band.)

283 3469 355 3528 In
376 3467 554 3528 aliis:
589 3468 1021 3544 Capricornus.
1042 3464 1179 3524 ΑΕ.
1202 3462 1316 3521 ΙΙῐ.
1339 3464 1535 3539 (Mus.
1555 3463 1773 3539 Caes.)

406 3570 668 3651 Equum
739 3567 1046 3646 Neptuno
1126 3583 1381 3624 sacrum
1456 3560 1771 3636 habitum,

285 3668 484 3752 vulgo
533 3679 780 3727 notum.
845 3664 1036 3726 Alter
1083 3683 1318 3726 numus
1371 3676 1528 3746 typo
1570 3661 1778 3744 capri-

286 3768 474 3830 corni
534 3767 865 3830 Bandnrio
923 3766 1186 3845 ignotus
1244 3766 1388 3826 fuit.
1478 3763 1780 3847 Iungitur

288 3888 434 3930 cum
482 3870 823 3950 Neptuno,
870 3866 978 3927 vel
1030 3863 1207 3948 quod
1250 3866 1316 3927 in
1369 3865 1619 3950 piscem
1666 3865 1778 3927 de-

288 3968 470 4044 sinit,
517 3981 585 4030 et
618 3966 966 4053 aliquando
1003 3965 1385 4027 inhabitavit
1420 3966 1637 4027 Nilum
1681 3980 1775 4028 te·

289 4084 386 4135 ste
433 4070 698 4152 Hygino
730 4067 826 4147 h)‚
892 4067 999 4128 vel
1046 4065 1223 4149 quod
1269 4066 1538 4128 conchis
1586 4068 1777 4130 mari·

290 4173 390 4233 nis
452 4171 715 4237 Titanas
778 4168 1061 4253 impetiit
1100 4163 1165 4245 ³).
1257 4165 1448 4229 Addo
1517 4188 1775 4232 causam

291 4273 480 4334 aliam
524 4292 605 4342 ex
649 4271 919 4335 Manilio
950 4268 1052 4348 k):

364 4437 427 4506 a)
467 4431 742 4489 Onirocr.
783 4432 846 4487 L.
886 4432 958 4487 11.
998 4451 1049 4488 c.
1091 4439 1177 4488 12.

292 4526 355 4596 e)
394 4522 473 4581 ad
511 4521 689 4600 Idyll.
719 4521 854 4580 vn.
893 4540 947 4577 v.
989 4533 1113 4592 109.

293 4626 379 4678 17.
421 4620 506 4673 18.

290 4701 341 4775 1)
381 4702 518 4778 Pag.
557 4709 711 4783 2195·

1337 4426 1411 4500 b)
1449 4428 1617 4486 Num.
1658 4444 1749 4492 21,

756 4608 826 4682 h)
867 4609 1022 4665 Poet.
1060 4612 1298 4674 Asu-on.
1338 4604 1401 4662 L.
1439 4608 1515 4669 11.
1555 4621 1643 4675 28-

1351 4516 1405 4589 s)
1446 4519 1521 4576 de
1560 4522 1740 4599 Nupt.
1780 4522 2029 4583 Houorii
2068 4542 2121 4580 v.
2163 4523 2285 4585 160.
2324 4540 2448 4597 seq.

919 4702 1009 4771 m)
1045 4699 1302 4771 macrob,
1348 4710 1465 4766 Sat·
1506 4700 1571 4759 L.
1609 4701 1655 4759 Ι.
1695 4721 1745 4760 c.
1789 4714 1883 4766 ιτ.

3179 555 3182 562 ,
3218 469 3361 550 ³99

1961 635 2235 697 Vltimus
2277 635 2349 697 n'n
2393 636 2640 698 candae
2679 635 3094 717 capricornus
3125 641 3368 699 acumi-

2670 758 2752 801 ne
2794 759 3036 801 summo

1963 838 2274 922 Militjz'am
2317 848 2520 920 ponto
2576 841 2812 914 dictat,
2864 843 3222 925 puppisque
3264 860 3369 904 co·

2679 944 2907 1003 lendan

1959 1044 2141 1104 Dura
2210 1041 2605 1115 ministeria,
2687 1052 2751 1103 et
2804 1047 2978 1105 vitae
3031 1047 3372 1107 de'scn’men

2680 1146 2924 1205 inertis.

2004 1342 2354 1406 Existimat
2399 1340 2770 1405 Bandurius
2816 1340 2892 1423 ¹),
2947 1366 3216 1410 numum
3267 1369 3375 1410 su·

1880 1465 1989 1524 um
2038 1446 2362 1527 signatum
2409 1444 2614 1506 fuisse
2653 1444 2743 1507 ob
2798 1448 3140 1513 victoriam
3185 1470 3377 1511 nava·

1879 1539 2012 1605 lem
2056 1545 2140 1605 ‹Ie
2181 1545 2442 1625 Scythis
2473 1547 2546 1607 in
2587 1549 2884 1622 Euxino,
2933 1549 3014 1611 de
3050 1571 3174 1634 qua
3213 1554 3378 1613 'l're-

1881 1645 2159 1713 bellius.
2224 1657 2291 1706 et
2339 1645 2682 1708 confirmat
2735 1651 3122 1711 sententiam
3175 1672 3376 1713 numo

1882 1747 2237 1830 inscripto:
2295 1745 2743 1811 VICTORIA.
2803 1750 3065 1812 NEPT.
3125 1753 3378 1818 Verum

1882 1847 2110 1910 salsam
2161 1864 2306 1907 esse
2360 1847 2526 1911 hanc
2576 1849 2718 1930 ejus
2768 1850 3161 1925 lectionem,
3207 1849 3380 1915 infra

1890 1950 1954 2012 in
1976 1949 2426 2015 vlc'rORlA.
2470 1950 2668 2011 AET.
2730 1953 3195 2036 comprobabo.
3259 1955 3381 2016 Ce-

1883 2062 2102 2110 terum
2147 2061 2220 2109 ut
2270 2047 2585 2110 hactenus
2626 2050 2694 2111 id
2729 2072 2935 2135 genus
2971 2073 3203 2114 numos
3241 2054 3382 2140 ple·

1884 2168 2131 2233 rosque
2170 2149 2235 2209 in
2289 2147 2564 2211 deorum
2614 2151 2931 2216 honorem
2966 2152 3046 2216 ad
3082 2166 3380 2224 averten-

1889 2248 1970 2312 da
2022 2249 2324 2334 urgentia
2364 2249 2534 2312 mala
2578 2251 2866 2337 signatos
2922 2252 3242 2332 diximus,
3288 2256 3380 2318 ita

1885 2365 1954 2414 et
1984 2343 2199 2413 simile
2236 2351 2317 2413 de
2348 2353 2800 2440 praesentibus
2834 2353 3177 2417 serendum
3212 2355 3381 2437 judi-

1885 2453 2079 2516 cium.
2126 2453 2432 2528 Constat,
2478 2437 2848 2536 provincias
2892 2453 3021 2518 hoc
3059 2475 3259 2531 aevo,
3309 2469 3384 2518 ut

1886 2573 2081 2635 supra
2137 2572 2220 2616 ex
2271 2553 2615 2618 Trebellio
2676 2555 2909 2632 docui,
2970 2577 3104 2619 non
3160 2557 3377 2618 minus

1880 2653 2079 2717 bellis
2129 2676 2277 2719 cum
2329 2657 2651 2732 externis,
2713 2670 2848 2717 tum
2899 2655 3241 2730 civilibus,
3300 2676 3379 2718 ac

1880 2769 2103 2839 peste,
2168 2777 2361 2839 quam
2410 2770 2628 2818 terrae
2675 2757 2957 2819 motibus
3015 2758 3220 2820 fuisse
3270 2755 3380 2817 ad-

1882 2853 2117 2921 flictas.
2184 2858 2453 2919 Constat
2497 2857 2723 2932 etiam,
2771 2857 3095 2920 creditum
3141 2858 3383 2921 veteri·

1883 2959 2044 3036 bus,
2091 2957 2385 3040 Neptuni
2419 2956 2579 3021 iram
2619 2979 2877 3021 causam
2921 2956 3125 3021 fuisse
3163 2971 3381 3022 terrae

1884 3074 2121 3135 motae,
2156 3080 2359 3143 quare
2389 3072 2456 3121 et
2488 3059 2724 3143 passim
2762 3060 2972 3122 dictus
2991 3059 3380 3143 Ενοσιχθων,

1882 3160 2290 3243 Ενοσκγαιος,
2361 3165 2845 3245 Terre'quassor,
2890 3174 3085 3247 atque
3130 3162 3380 3224 iterum

1885 3259 2268 3345 Αᾳφαλιων,
2313 3278 2553 3341 nempe
2604 3261 2909 3323 tellurem
2963 3274 3203 3323 motam
3252 3275 3386 3324 sta-

1885 3365 2115 3423 biliens
2145 3364 2257 3438 ¹¹¹),
2304 3361 2519 3423 culeus
2548 3375 2900 3444 propterea
2922 3351 3274 3445 praecipue
3313 3362 3384 3424 in

1887 3461 2177 3545 Phrygia
2205 3459 2604 3523 tremoribus
2638 3480 2792 3544 prae
2824 3461 2968 3523 aliis
2996 3460 3381 3545 regionibus

1891 3562 2209 3640 obnoxia,
2253 3576 2324 3625 ut
2367 3563 2577 3625 refert
2622 3561 2859 3624 Strabo
2890 3563 3014 3637 ἣν

2492 3767 2776 3845 Seqete‘a.

2016 3964 2283 4032 DEAE.
2331 3966 2794 4031 SEGE‘HAE·
2814 3980 2940 4032 etc.

2015 4071 2122 4132 De
2158 4067 2493 4134 rarissimo
2531 4052 2764 4132 hocin
2802 4067 3087 4132 Gallieni
3120 4080 3383 4133 moneta

1891 4193 2091 4235 numo
2150 4170 2305 4236 vide
2363 4190 2529 4257 quae
2589 4168 3000 4234 monebimus
3054 4169 3125 4232 in
3165 4169 3382 4233 nuruis

1896 4273 2270 4338 Saloninae.

1912 4436 1971 4504 c)
2011 4433 2198 4490 Patin.
2237 4448 2397 4488 num.
2438 4431 2620 4507 impp.
2786 4429 2855 4502 d)
2896 4430 3048 4488 Dial.
3088 4429 3252 4488 deor.
3288 4443 3379 4494 22.

2685 4524 2749 4597 g)
2787 4521 2952 4578 Tom.
2992 4520 3090 4579 111.
3130 4521 3249 4581 tab.
3292 4525 3378 4586 16.
3416 4572 3425 4580 .

1895 4612 1944 4690 i)
1980 4613 2277 4670 Eratosth.
2317 4620 2519 4668 catast.
2558 4621 2649 4677 27.
2898 4612 2965 4685 k)
3005 4611 3069 4671 L.
3106 4610 3209 4674 lv.
3252 4614 3375 4678 566.
3451 4662 3468 4669 -

2080 4704 2191 4796 οτι)
2230 4700 2295 4761 L.
2338 4700 2466 4757 ΧΠ.
2506 4721 2567 4779 p.
2608 4700 2737 4764 868.
