4652 5937
1571 386 2209 520 PiIILIPPVS
2279 446 2375 527 11.

425 630 499 693 P.
535 632 624 692 M.
661 630 800 691 ΤΒ.
835 626 909 688 Ρ.
945 627 1058 693 VI.
1103 623 1294 690 COS.
1328 626 1400 688 P.
1436 627 1511 689 P.
1579 630 1707 690 Leo
1740 631 1913 706 capi·

425 740 488 793 to
518 732 773 792 rade'ato
809 734 1137 810 qradiem.
1213 729 1285 788 In
1329 727 1504 791 aliis:
1562 730 1914 808 Imperator

423 832 672 894 uelatus
702 841 883 893 stans
918 834 1219 893 adaram
1238 834 1300 891 d.
1329 840 1622 908 pateram
1641 873 1658 905 ‚
1704 852 1758 893 s.
1790 833 1914 891 sci-

415 935 693 1011 pionem.
769 934 857 992 In·
882 931 1061 993 aliis:
1126 935 1360 993 Mulier
1391 942 1571 991 stans
1622 934 1682 990 d.
1720 934 1913 991 cadu-

380 1048 395 1060 “
420 1051 636 1107 ceum,
682 1054 736 1093 s.
768 1035 1207 1111 cornucopiae.
1252 1033 1392 1092 AR.
1428 1034 1627 1111 (Mus.
1648 1030 1868 1109 Caes.)

546 1133 833 1196 Easdem
882 1120 1142 1197 aversas
1190 1135 1258 1196 in
1302 1134 1518 1195 numis
1572 1132 1775 1214 patris
1829 1128 1911 1192 ad

425 1232 708 1299 eundem
766 1252 1003 1296 annum
1046 1234 1404 1318 descriptas
1437 1232 1739 1297 vidimus.
1798 1232 1912 1297 Vi-

424 1336 509 1400 de
551 1334 634 1396 de
667 1334 770 1397 his
821 1335 1013 1418 plura
1056 1335 1125 1398 in
1157 1348 1437 1400 tractatu
1481 1334 1564 1398 de
1598 1333 1751 1398 trib.
1796 1351 1913 1417 po-

425 1449 682 1501 testate.
1688 1450 1689 1457 ’

860 1655 1123 1739 ἷΝιιηιι·
1180 1659 1425 1738 vagi.-

542 1844 710 1907 Sunt
740 1844 847 1920 hi,
895 1864 976 1905 ex
1011 1861 1141 1926 quo
1159 1838 1494 1924 Augustus
1529 1838 1739 1902 dictus
1778 1850 1900 1914 est,

419 1945 712 2028 ejusdem
772 1965 921 2008 cum
978 1942 1191 2004 nuruis
1249 1940 1452 2023 patris
1508 1941 1900 2024 argumenti.

415 2047 640 2142 Quare
696 2066 843 2108 cum
896 2042 979 2106 ad
1021 2041 1361 2103 historiam
1417 2041 1580 2102 nihil
1625 2043 1900 2125 amplius

417 2145 780 2223 conferant,
798 2144 879 2208 ab
897 2144 1000 2205 his
1013 2140 1463 2206 describendis
1482 2141 1899 2206 abstinemus.

3369 464 3509 532 335
3573 526 3580 527 a

2029 632 2106 695 C.
2145 636 2343 707 ioco,
2391 625 2631 693 deinde
2687 646 2843 691 ιοοι
2868 671 2885 706 ,
2932 630 3306 715 conspirant
3343 629 3513 695 fasti.

1984 776 1985 779 κ
2029 733 2378 817 Singulare
2423 745 2524 794 est
2567 732 3118 806 tetradraclirnum
3161 732 3516 798 Antioche·

2024 856 2181 896 num
2220 834 2430 896 musei
2465 833 2787 897 Caesarei.

2263 932 2499 995 MAP.
2534 928 2816 994 ΙΟΤΛῘ.
2837 926 3052 994 ‹1³1A1
3060 928 3341 997 ΠΠΟΟ.
3364 931 3516 997 Ke-
3540 990 3543 994 i

2268 1034 2463 1098 CAP.
2502 1034 2657 1113 (sic)
2700 1039 2901 1111 Caput
2934 1041 3278 1099 radiatum.

2030 1132 2451 1197 AHMAPx.
2507 1130 2968 1196 GEOTCIAC.
3024 1132 3378 1202 ΤΠΑΤΟ.
3427 1132 3516 1202 Γ.

2026 1236 2512 1300 ΑΝΤΙΟΧΙΑ.
2563 1238 2631 1299 S.
2674 1239 2744 1298 C.
2781 1241 3024 1319 Aquila
3053 1249 3252 1302 stam.
3340 1243 3344 1246 ’

2154 1340 2317 1401 Cum
2349 1338 2689 1422 Philippus
2719 1337 2854 1418 jun.
2890 1359 3215 1422 nunquam
3248 1358 3516 1421 proces·

2024 1439 2187 1502 serit
2217 1439 2448 1502 consul
2491 1441 2636 1513 111.‚
2685 1453 2935 1501 certum
2981 1454 3112 1515 est,
3159 1462 3195 1502 a
3227 1453 3517 1504 moneta·

2020 1541 2124 1601 rio
2178 1560 2472 1603 aversam
2520 1540 2732 1622 patris·
2769 1556 3074 1605 monetae
3126 1540 3514 1605 destinatam

2018 1638 2145 1701 filii
2188 1660 2389 1702 numo
2448 1639 2654 1702 fuisse
2699 1624 3105 1724 applicatam.
3198 1643 3510 1705 Ceterum

2021 1742 2176 1803 satis
2209 1741 2340 1824 jam
2379 1740 2698 1816 vidimus,
2742 1743 2809 1803 in
2845 1744 3003 1826 ipsis
3039 1742 3253 1803 numis
3273 1748 3512 1806 Roma·

2016 1842 2119 1903 nis
2177 1856 2309 1904 tam
2383 1843 2798 1919 consulatus,
2873 1864 3065 1926 quam
3140 1843 3509 1907 tribunatus

2016 1926 2220 2026 patris
2267 1941 2408 2004 filio
2441 1943 2645 2006 fuisse
2681 1945 3057 2025 applicatos.
3130 1937 3406 2004 Exstant
3436 1943 3507 2007 in

2017 2062 2245 2105 museo
2292 2045 2613 2105 Caesareo
2674 2043 2857 2103 numi
2923 2043 3171 2103 similes
3215 2043 3508 2127 Philippi
3629 2080 3650 2089 ο

2016 2145 2251 2227 patris,
2300 2158 2368 2205 et
2414 2144 2533 2204 filii
2568 2143 2695 2225 jam
2736 2146 3013 2228 Augusti
3046 2144 3312 2208 omnino
3344 2157 3505 2220 tres,

1905 2254 1909 2258 ’
2016 2245 2083 2307 in
2135 2245 2370 2330 quibus
2409 2245 2479 2306 hi
2526 2246 2738 2326 palam
2791 2244 3100 2308 dicuntur
3152 2238 3508 2308 THATO.

683 2369 886 2431 Numi
918 2367 1249 2456 commatis
1270 2365 1618 2445 pereqrz’m‘.

541 2553 630 2621 Vt
684 2552 975 2636 Philippi
1025 2548 1264 2635 patris,
1323 2548 1414 2610 ita
1472 2545 1597 2608 filii
1639 2565 1900 2630 quoque

414 2675 549 2717 non
605 2655 1055 2740 infrequentes
1127 2649 1452 2713 habentur
1510 2649 1693 2711 numi
1747 2647 1902 2711 huic

415 2757 607 2822 classi
653 2756 948 2841 subjecti.

971 2982 1353 3041 Nomina.

538 3163 786 3226 Habuit
845 3133 1010 3224 haexc
1071 3181 1219 3223 cum
1277 3172 1463 3244 patre
1509 3154 1898 3220 communia.

394 3263 599 3332 ‘Vnus
634 3265 869 3332 Victor
903 3264 1072 3324 alter
1119 3281 1269 3322 eum
1306 3263 1367 3321 C.
1402 3262 1638 3319 Iulium
1672 3261 1899 3320 Satur·

412 3369 637 3428 m‘num
687 3364 931 3425 dictum
975 3345 1183 3423 refert
1229 3359 1412 3420 nullo
1451 3357 1579 3418 alio
1616 3356 1900 3438 adstipu-

411 3467 624 3530 lante.⁴
686 3465 1007 3532 Vocatum
1053 3481 1203 3522 eum
1260 3477 1523 3544 quoque
1569 3458 1900 3537 Germafu'-

411 3587 557 3629 cum
593 3569 775 3628 Max.
817 3577 885 3624 et
925 3565 1255 3641 Carpicum
1291 3562 1470 3621 Max.
1492 3600 1509 3632 ‚
1556 3557 1751 3618 docet
1783 3579 1899 3617 nu-

415 3686 598 3740 mus,
642 3684 837 3748 quem
883 3663 949 3724 in
993 3661 1299 3744 Phiiippo
1354 3677 1490 3720 sen.
1536 3657 1619 3721 ad
1661 3669 1927 3719 annum'

421 3786 604 3830 soon.
651 3765 825 3827 dedi.

538 3871 850 3941 Severus,
895 3883 1131 3948 nempe
1168 3862 1365 3934 ducto
1400 3859 1666 3921 nomine
1704 3880 1739 3920 a
1764 3879 1895 3920 rna·

403 3982 511 4032 tre
568 3966 850 4031 Otacilia
911 3971 1181 4038 Severa,
1244 3961 1483 4025 dicitur
1543 3962 1612 4022 in
1679 3958 1893 4022 numis

402 4073 655 4153 Perges
690 4067 1114 4152 Pamphyliae
1146 4059 1227 4145 h),
1440 4065 1449 4076 ‘

990 4286 1304 4348 ConsuL

526 4473 640 4533 Bis
658 4470 1060 4556 processisse
1082 4469 1416 4532 consulem
1440 4511 1456 4545 ,
1504 4465 1790 4551 primum
1805 4467 1888 4535 V.

481 4687 542 4758 a)
579 4681 871 4741 Pellerin.'
920 4663 923 4666 ‚

2019 2341 2107 2420 Δ,
2154 2366 2300 2408 cum
2336 2334 2796 2431 tamen'neque
2830 2359 3017 2429 pater
3034 2346 3292 2428 saepius
3312 2364 3508 2428 quam

2017 2459 2123 2508 ter
2172 2447 2590 2529 processerit.
2670 2450 2744 2508 In
2785 2468 3060 2511 numero
3125 2447 3506 2510 consulatus

2016 2547 2273 2632 paterni
2304 2551 2413 2616 IV.
2441 2549 3018 2632 suissepeccatum‚
3063 2548 3192 2630 jam
3222 2547 3507 2610 diximus

2017 2650 2085 2710 in
2128 2651 2436 2733 Philippo
2480 2662 2699 2732 patre,
2762 2650 3109 2711 translatos
3155 2648 3392 2710 deinde
3434 2647 3506 2709 in

2017 2765 2343 2813 monetam
2392 2748 2511 2811 filii
2559 2764 2747 2834 typos
2787 2763 3094 2833 paternos
3135 2750 3226 2810 nil
3260 2738 3503 2811 mironi

2014 2851 2346 2927 videatur,
2392 2838 2660 2935 quando
2696 2872 2811 2913 eos
2858 2853 2979 2912 hac
3029 2863 3238 2921 aetate
3274 2848 3503 2911 Antio-

2015 2952 2211 3017 cheni
2254 2973 2402 3015 cum
2439 2953 2597 3036 ipsis
2638 2953 2949 3015 uxoribus
2984 2951 3501 3016 communicave-

2012 3075 2130 3134 re,
2177 3067 2247 3118 ut
2280 3054 2524 3119 dictum
2560 3055 2626 3118 in
2671 3067 2931 3118 moneta
2964 3052 3368 3119 Antiochiae.

2538 3251 2998 3360 Adqustus·

2138 3457 2504 3538 Augustum
2541 3457 2743 3520 fuisse
2783 3458 3179 3542 appellatum
3212 3482 3378 3525 anno
3411 3464 3528 3551 V.—

2014 3557 2087 3619 C.
2148 3575 2347 3633 1000,
2411 3558 2605 3622 docet
2650 3560 2869 3621 tabula
2922 3579 3121 3622 aenea
3173 3563 3500 3644 Mutinen-

2013 3659 2140 3734 sis,
2186 3681 2376 3742 quam
2415 3661 2742 3744 copiosius
2791 3661 2856 3721 in
2903 3674 3179 3723 tractatu
3208 3662 3292 3724 de
3339 3663 3493 3725 trib.

2006 3774 2332 3844 potestate
2370 3761 2487 3823 sub
2511 3761 2817 3843 Philippo
2852 3763 2898 3824 1.
2932 3762 3317 3828 describam.
3362 3767 3495 3826 Ex·
3609 3790 3622 3797 ·

2007 3875 2186 3948 arata
2248 3876 2348 3924 est
2407 3861 2568 3924 haec
2630 3862 2736 3925 die
2778 3864 2921 3929 VII.
2969 3865 3248 3926 Ianuarii
3289 3867 3371 3933 V.
3415 3867 3490 3929 C.

2016 3983 2210 4037 1001,
2260 3961 2628 4044 diciturque
2662 3975 2802 4045 tum
2835 3949 3178 4046 Philippus
3215 3963 3392 4027 filius

2148 4064 2350 4146 AVG.
2383 4064 2456 4122 P.
2490 4065 2580 4126 M.
2616 4066 2754 4124 ΤΒ.
2791 4057 2863 4125 Ρ.
2901 4065 2982 4129 11.
3025 4062 3218 4127 COS.
3249 4068 3334 4128 11.

2002 4166 2187 4248 Ergo
2240 4164 2595 4227 secundum
2645 4166 2963 4228 rationem
3022 4166 3239 4228 iterati
3283 4165 3491 4230 tribu-

2003 4276 2191 4326 natus
2221 4263 2371 4325 trib.
2409 4278 2798 4348 potestatem
2847 4287 2978 4327 non
3017 4268 3270 4349 accepit
3295 4268 3488 4332 citius

2003 4386 2172 4427 anno
2204 4364 2378 4427 hunc
2413 4365 2882 4448 praecedento,
2929 4382 3026 4443 et,
3074 4368 3246 4452 quod
3276 4369 3489 4454 sequi-

2002 4479 2112 4528 tur
2131 4477 2157 4542 ,’
2192 4486 2410 4552 neque
2451 4467 2729 4551 Augusti
2774 4468 3056 4531 titulum.
3154 4470 3373 4534 Etiam
3415 4472 3485 4533 in
