4652 5937
1263 448 2069 527 ALEXANDER'
2117 448 2685 525 SEVERVS.

436 657 582 699 eum
618 656 788 700 anno
820 636 1042 712 CMB,
1087 642 1245 711 τιή-3,
1290 656 1484 720 quem
1516 634 1680 700 adeo
1718 637 1928 723 signa-

434 752 573 801 tum
621 738 913 821 oportuit
962 736 1042 798 ab
1089 750 1353 799 autumo
1398 737 1477 801 V.
1508 740 1578 802 C.
1611 740 1772 821 988,
1819 758 1930 802 ve-

438 861 587 901 rum
647 840 761 923 qui
829 837 1039 913 istud,
1120 837 1175 898 si
1225 842 1559 916 Mamaea,
1621 839 1929 925 filiusque

438 943 567 1023 jam
621 940 689 1000 in
738 940 981 1000 Martio
1035 938 1176 1021 ejus
1223 939 1369 1000 anni
1411 960 1531 1023 per
1577 941 1707 1002 vim
1741 960 1934 1003 occu·

436 1039 694 1103 haere?
767 1040 954 1120 Ergo
993 1059 1124 1121 quo
1180 1052 1502 1122 tempore.
1533 1040 1693 1103 iniit
1729 1063 1932 1104 annus

442 1152 562 1215 242
614 1141 1119 1213 Amisenorum,
1175 1139 1554 1202 Alexander
1607 1157 1716 1204 aut
1771 1143 1935 1204 vixit

439 1243 685 1317 adhuc,
732 1253 842 1303 aut
868 1238 1012 1322 ejus
1047 1238 1181 1325 illis
1212 1254 1389 1303 mors
1420 1241 1708 1304 nondum
1742 1243 1933 1306 intel·

438 1346 611 1408 lecta
656 1342 802 1405 fuit.

568 1446 822 1512 Verum
863 1442 1180 1504 adversus
1236 1442 1404 1505 hanc
1449 1463 1658 1526 usque
1709 1444 1774 1504 in
1827 1464 1937 1507 au·

442 1557 742 1609 sumnum
777 1564 1021 1606 moram
1058 1543 1335 1628 insurgit
1354 1546 1687 1635 Aegyptus
1719 1536 1936 1608 osten-

446 1647 598 1709 tatis
646 1645 782 1707 suis
832 1664 993 1708 cum.
1034 1644 1426 1721 Alexandri,
1471 1646 1607 1707 tu'm
1643 1634 1939 1708 Maximi-

443 1748 515 1809 ni
549 1747 787 1809 numis.
845 1747 946 1808 Ad
980 1746 1424 1808 Alexandrum
1468 1746 1644 1830 quod
1685 1748 1936 1824 attinet,

446 1848 503 1911 si
550 1848 609 1909 is
663 1862 946 1911 exeunte
998 1847 1207 1909 adhuc
1253 1850 1549 1930 Augusto
1602 1862 1945 1932 superstes

446 1949 573 2012 fuit
590 1993 608 2026 ,
656 1964 996 2032 oporteret
1014 1950 1309 2013 existere
1334 1948 1473 2030 ejus
1508 1969 1741 2010 numos
1763 1970 1940 2011 com-

449 2051 641 2115 matis
678 2052 1099 2121 Alexandrini
1140 2049 1488 2131 inscriptos
1523 2047 1728 2113 LAG.
1772 2055 1938 2113 Nam

434 2151 811 2216 'secundum
878 2152 1211 2237 cognitum
1276 2150 1749 2232 Aegyptiorum
1812 2153 1941 2214 cal·

452 2256 673 2315 culum
734 2274 902 2316 anno
962 2256 1044 2322 V.
1092 2257 1159 2316 C.
1224 2251 1384 2333 988,
1453 2271 1585 2333 quo
1643 2266 1940 2314 mortuus

452 2370 549 2417 est
608 2355 1022 2427 Alexander,
1091 2351 1291 2415 valuit
1335 2374 1539 2415 annus
1586 2351 1678 2412 ῙΔ
1730 2372 1938 2436 usque

450 2456 528 2518 ad
566 2456 740 2519 diem
764 2454 1318 2536 xx1X.Augusti‚
1347 2474 1476 2537 quo
1512 2452 1617 2515 die
1646 2453 1939 2515 inivisset

457 2580 660 2621 annus
700 2546 1057 2620 Alexandri
1094 2552 1241 2630 IS„
1287 2553 1405 2616 sed
1437 2573 1633 2638 quem
1659 2553 1727 2614 in
1752 2553 1938 2615 nullo

452 2658 663 2721 adhuc
713 2643 1013 2739 catalogo
1066 2656 1326 2738 reperi,
1388 2677 1558 2749 anno
1600 2668 1937 2738 postremo

454 2774 587 2823 tam
654 2759 724 2822 in
788 2758 1005 2820 numia
1072 2756 1468 2835 Alexandri,
1542 2777 1734 2841 quam
1804 2757 1940 2817 Ma-

456 2879 682 2924 maeae
721 2871 1098 2923 constanter
1147 2858 1231 2920 ΙΔ
1285 2872 1528 2920 notato.
1602 2859 1691 2920 At
1724 2856 1938 2919 minus

449 2962 661 3025 valeat
712 2959 890 3022 istud
940 2973 1437 3045 argumentum,
1484 2981 1631 3023 cum
1670 2956 1939 3022 evenire

449 3063 648 3127 facile
706 3062 959 3146 possit,
1044 3072 1115 3121 ut
1168 3061 1516 3145 aliquando
1575 3060 1940 3128 exstem-ae

459 3155 642 3238 sinu,
706 3177 813 3224 aut
875 3181 1100 3223 museo
1146 3161 1359 3225 adbuc
1400 3163 1629 3246 ignoto
1664 3169 1943 3224 'eruatur

454 3285 694 3327 numus
736 3282 905 3326 anno
964 3258 1049 3319 te
1094 3260 1392 3345 insignis.
1476 3264 1712 3336 Acrius
1749 3281 1943 3343 urge-

453 3367 618 3428 bunt
668 3362 852 3425 numi
898 3361 1234 3423 Maximini
1295 3361 1593 3448 inscripti
1632 3362 1713 3428 L.
1748 3361 1826 3423 A.
1861 3356 1938 3421 Β.

456 3463 531 3527 Γ.
569 3466 652 3529 Δ.
692 3470 799 3528 Ex
847 3464 947 3525 his
990 3484 1262 3527 necesse
1294 3477 1430 3540 est,
1479 3485 1709 3526 numos
1745 3464 1823 3525 L.
1858 3465 1937 3523 A.

453 3570 742 3651 signatos
772 3567 976 3628 fuisse
1006 3563 1114 3627 vel
1152 3577 1301 3627 ante
1335 3565 1507 3628 diem
1543 3566 1779 3629 xx1x.
1815 3568 1941 3626 Au·

456 3671 628 3754 gusti
658 3670 737 3737 V.
768 3671 841 3730 C.
883 3666 1007 3746 988
1030 3709 1047 3740 ‚
1093 3667 1200 3738 vel
1238 3679 1407 3749 post.
1471 3668 1651 3731 lstud
1690 3680 1941 3750 postre-

457 3793 632 3834 mum
692 3783 877 3833 certe
927 3767 1058 3830 dici
1107 3767 1373 3849 nequit3
1432 3790 1581 3831 nam
1642 3782 1780 3831 tum
1826 3786 1943 3828 ne·

459 3891 585 3956 que
643 3890 767 3955 pro
824 3889 993 3931 anno
1057 3868 1398 3932 Maximini
1430 3864 1525 3946 Γ,
1571 3869 1782 3931 multo
1823 3864 1942 3930 mi·

454 3993 576 4033 nus
616 3991 738 4056 pro
787 3987 956 4033 anno
995 3966 1053 4028 Δ
1107 3967 1328 4032 locum
1380 3970 1822 4052 reperiemus,
1858 3981 1941 4056 ‚ut

454 4064 703 4155 patebit
753 4071 823 4132 in
871 4083 1136 4132 moneta
1169 4068 1528 4133 Maximini.
1610 4073 1794 4155 Ergo
1827 4090 1943 4142 ne·

455 4173 740 4237 cessario
793 4185 962 4234 ante.
1027 4173 1111 4233 At
1149 4193 1273 4255 qua
1323 4186 1460 4233 tum
1498 4172 1751 4234 ratione
1786 4170 1936 4234 Ale·

455 4273 771 4335 xandrum
826 4270 1037 4335 adhuc
1082 4273 1298 4339 vivum
1353 4271 1458 4333 die
1511 4274 1680 4333 XIII.
1718 4272 1943 4356 Augu.

461 4377 548 4442 sti
583 4365 1094 4457 praestabimus,
1163 4386 1232 4435 ut
1271 4372 1509 4435 docent
1546 4371 1742 4455 hujus
1795 4391 1940 4444 sen,-

459 4476 700 4540 tentiae
737 4474 994 4559 patr‘oni
1030 4493 1108 4536 ex
1147 4473 1625 4558 subscriptione
1662 4473 1827 4558 legis
1858 4473 1939 4536 ab

3387 469 3528 539 283

2041 631 2173 695 hoc
2231 631 2636 717 imperatore
2699 635 2823 699 hac
2886 633 2996 697 die
3049 635 3270 701 facta?
3346 638 3538 712 Esto,

2040 735 2488 798 Alexandrum
2520 757 2651 798 uno
2682 738 2974 801 alterove
3008 753 3155 822 post
3193 741 3358 802 hanc
3394 739 3548 802 sub-

2046 836 2472 919 scriptionem
2506 837 2612 899 die
2657 858 2940 902 caesum.
3013 843 3113 901 An
3149 841 3540 916 verisimile,

2045 938 2340 1021 potuisse
2396 937 2707 999 nuncium
2763 938 3018 1015 caedis,
3078 956 3143 1002 et
3193 943 3407 1004 evecti
3458 940 3542 1003 ad

2046 1038 2397 1119 imperium
2464 1030 2838 1115 Maximini,
2901 1035 3172 1125 ejusque
3222 1067 3255 1105 a
3309 1058 3541 1104 senatu
3623 1028 3628 1037 ’

2049 1136 2419 1202 confirmati
2445 1139 2615 1201 intra
2637 1142 2779 1201 XII.
2819 1141 3088 1202 circiter
3122 1143 3379 1205 dierum
3410 1166 3552 1227 spa·

2045 1239 2210 1301 tium
2269 1240 2349 1301 ab
2387 1241 2620 1303 ultimo
2669 1242 2905 1304 Rheno
2952 1242 3034 1304 ad
3080 1245 3301 1304 Nilum
3341 1229 3550 1328 usque

2043 1340 2436 1421 pervenire,
2501 1342 2563 1403 ei
2601 1364 2754 1404 mox
2801 1342 2881 1403 ab
2935 1343 3398 1407 Alexandrinis
3441 1345 3556 1408 ha·

2048 1439 2195 1502 beri
2229 1438 2467 1518 fidem,
2516 1456 2582 1504 et
2629 1442 2840 1506 adhuc
2893 1444 3136 1527 signari
3177 1468 3412 1507 numos
3456 1448 3554 1510 in·

2053 1541 2299 1624 scripto
2325 1546 2400 1604 L.
2424 1542 2507 1607 A.
2531 1587 2548 1620 ,
2595 1558 2945 1628 antequam
2980 1560 3121 1608 orta
3152 1546 3292 1609 dies
3310 1548 3547 1612 XXIX.

2051 1644 2332 1726 Augusti
2390 1645 2648 1707 literam
2713 1644 2771 1704 A
2811 1646 2877 1705 in
2946 1649 3002 1706 B
3067 1650 3560 1713 commutaret?

2050 1745 2152 1805 Ab
2225 1744 2331 1806 his
2384 1745 2588 1828 igitur
2649 1745 3124 1829 Aegyptiorum
3187 1751 3403 1812 numis
3459 1755 3556 1811 in·

2050 1844 2224 1907 victe
2268 1844 2617 1922 docemur,
2659 1868 2790 1908 non
2826 1846 3126 1930 quidem,
3189 1851 3366 1933 quod
3402 1852 3552 1915 aliis

2052 1944 2333 2026 placuit,
2397 1947 2845 2009 Alexandrum
2908 1948 3040 2030 jam
3105 1972 3328 2014 mense
3378 1957 3551 2016 Mar-

2056 2046 2149 2108 tio
2182 2044 2356 2107 diem
2395 2047 2726 2122 obivisse,
2769 2047 2882 2108 sed
2938 2062 3155 2111 tamen
3190 2052 3366 2133 justo
3402 2069 3552 2116 ante

2038 2147 2231 2209 ‘diem
2304 2148 2477 2208 xm.
2557 2146 2837 2230 Augusti
2911 2152 3155 2234 spatie,
3237 2154 3548 2215 nimirum

2056 2262 2366 2332 quantum
2428 2246 2926 2333 requirebatur,
2971 2244 3077 2314 *ut
3147 2255 3370 2337 agnito
3427 2275 3553 2335 per

2054 2350 2427 2431 provincias
2478 2373 2653 2417 novo
2703 2352 3088 2438 imperatori
3139 2356 3320 2416 numi
3389 2346 3550 2420 feriss

2055 2462 2304 2515 rentur.
2395 2452 2526 2547 Qui
2582 2468 2982 2517 memoratae
3041 2455 3544 2540 subscriptionis

2054 2553 2500 2615 testimonium
2535 2556 2716 2618 volet
2762 2576 3112 2638 regerere,
3161 2558 3223 2618 ei
3261 2558 3550 2641 probare

2053 2652 2413 2728 incumbet,
2458 2654 2771 2736 majorem
2795 2675 2940 2719 esse
2969 2656 3546 2740 subscriptionum,

2054 2773 2211 2835 quas
2259 2754 2638 2838 saepissime
2692 2755 2930 2820 fallere
2966 2758 3547 2843 deprehendimus,

2052 2855 2547 2933 auctoritatem,
2592 2878 2783 2941 quam
2833 2880 3183 2921 numerum
3236 2861 3551 2941 synchro-

2054 2977 2309 3019 norum.
2375 2958 2626 3020 Earum
2683 2958 2887 3020 intuta
2927 2956 3091 3021 fides
3124 2960 3256 3045 jam
3286 2962 3549 3046 pridem

2055 3058 2346 3142 cognita·
2376 3058 2681 3135 eruditis,
2748 3074 2821 3121 ut
2864 3059 3162 3141 pluribus
3206 3063 3409 3141 locis,
3462 3084 3546 3128 -ac

2057 3159 2437 3240 cumprimis
2490 3158 2556 3219 in
2599 3174 2752 3223 nota
2802 3161 2944 3227 x11.
3007 3163 3074 3226 in
3118 3164 3548 3230 Maximinum

2054 3258 2357 3340 probavit
2396 3259 2878 3323 Tillemontius.
2925 3262 3124 3357 Quod
3156 3266 3236 3326 ad
3275 3289 3544 3329 numum

2055 3358 2359 3419 Amasiae
2407 3360 2672 3433 attinet,
2739 3362 2847 3443 qui
2894 3364 3253 3425 Alexandri
3303 3387 3538 3430 necem

2055 3457 2268 3522 adbuc
2314 3460 2576 3542 longius
2624 3460 2886 3537 differt,
2932 3463 3107 3530 hunc
3161 3480 3376 3543 certe,
3422 3471 3550 3530 etsi

2056 3559 2407 3645 genuinum
2474 3560 2743 3638 demus,
2804 3578 2998 3649 atque
3057 3565 3126 3625 in
3185 3585 3265 3629 eo
3310 3588 3547 3632 revera

2055 3683 2291 3723 annum
2346 3665 2524 3725 CMB
2566 3676 2858 3738 exstare,
2904 3665 3250 3747 insigniter
3288 3667 3546 3750 fallere,

2054 3762 2250 3826 facile
2286 3782 2370 3825 ex
2402 3762 2530 3844 jam
2567 3765 2755 3827 dictis
2782 3762 3341 3844 demonstramus,
3389 3791 3550 3853 quo·

2054 3865 2227 3926 uiam
2288 3863 2346 3926 si
2390 3865 2727 3926 Maximini
2773 3889 2977 3930 annus
3015 3869 3080 3926 A
3132 3870 3353 3953 coepit
3392 3885 3545 3954 post

2056 3965 2233 4026 diem
2265 3965 2500 4028 XXIX.
2537 3966 2856 4050 Augusti,
2900 3982 2972 4031 ut
3018 3970 3086 4029 in
3132 3969 3253 4032 hac
3308 3970 3549 4036 doctri·

2052 4086 2135 4128 na
2161 4066 2432 4130 evenire
2472 4086 2744 4129 necesse
2796 4081 2933 4144 est,
2981 4069 3164 4131 annis
3206 4071 3545 4134 Maximini

2049 4162 2197 4230 Pet
2228 4162 2285 4226 Δ
2320 4168 2506 4228 locus
2526 4188 2655 4229 non
2689 4169 3125 4253 relinquetur.
3168 4172 3272 4232 Ex
3308 4193 3438 4255 quo
3469 4174 3547 4234 Ii-

2052 4288 2257 4354 quere
2283 4268 2625 4330 manifeste
2648 4267 2952 4345 arbitror,
2988 4271 3350 4336 Alexandri
3371 4293 3546 4335 mor·

2052 4385 2185 4433 tem
2240 4389 2371 4431 non
2440 4389 2634 4452 posse
2680 4369 2979 4452 longius,
3052 4372 3179 4434 nisi
3223 4367 3370 4439 fere
3420 4374 3544 4438 sub

2055 4471 2296 4537 mensis
2329 4472 2475 4535 Iulii
2512 4469 2910 4555 principium
2949 4471 3225 4538 differri.

2927 4671 3142 4734 Nna
