4652 5937
1191 493 1336 568 242

1182 676 1349 735 tate,
1399 673 1468 723 ut
1507 655 1899 723 claritudine
1935 675 2049 717 sna
2084 653 2430 716 oculorum
2464 651 2672 717 aciem

1178 761 1612 835 obtunderet,
1674 778 1757 821 ne
1796 758 1864 819 in
1907 754 2291 819 Caesaribus
2320 763 2673 838 appareant

2214 465 3272 561 DIADVMENIANVS.

2787 653 3313 739 persequendum
3345 653 3700 739 Apameam
3733 630 4138 742 'progressus
4180 682 4281 727 es·

2792 768 2894 817 set
2946 756 3312 833 Macrinus,
3377 755 3635 833 filium,
3694 757 3817 819 etsi
3855 761 4116 824 nonnisi
4170 762 4284 828 de·

1179 858 1627 925 obscurissimi
1662 857 1964 943 generis,
2013 876 2432 940 morumque,
2477 865 2545 916 et
2574 854 2674 915 ul·
2785 856 3036 921 nimum
3072 878 3310 920 annum
3340 870 3587 940 ageret,
3631 859 4098 941 imperatorem
4133 883 4281 928 esse

1176 964 1373 1024 timae
1429 961 1731 1022 infamiae
1774 956 2039 1021 sordes!
2072 991 2075 995 <
2103 954 2440 1038 Principio
2474 951 2672 1017 artifi-

1177 1064 1350 1125 cium
1388 1084 1423 1124 c
1457 1076 1613 1124 voto
1647 1063 1866 1126 cessit.

1175 1166 1303 1228 hoc
1359 1162 1688 1225 Antonino
1742 1159 2063 1222 adclamat
2078 1158 2128 1219 it
2180 1157 2410 1219 milest
2466 1161 2670 1219 Anto-

1178 1270 1401 1330 ninum
1449 1268 1785 1336 habemns,
1848 1264 2067 1322 omnia
2112 1261 2413 1321 habemus
2457 1268 2560 1349 etc:=
2586 1256 2665 1334 ⁸).

1175 1369 1262 1430 At
1292 1385 1422 1426 non
1445 1363 1651 1424 multo
1672 1375 1822 1447 post
1857 1361 2026 1422 male
2052 1358 2462 1423 materiatum
2489 1357 2663 1420 hune

1171 1465 1575 1530 Antoninum
1609 1463 1777 1525 alter
1808 1461 2040 1524 similis
2099 1458 2433 1543 compagis
2463 1460 2663 1523 Anto·

1169 1564 1361 1629 ninus
1410 1578 1690 1630 evertet.

1296 1668 1368 1728 1n
1401 1686 1601 1727 numo
1634 1668 1965 1748 Aegarum
2002 1657 2271 1725 Ciliciae
2305 1660 2476 1742 apud
2491 1663 2664 1743 Hay·

1164 1766 1362 1829 mium
1407 1767 1516 1828 hic
1552 1768 1790 1829 Caesar
1839 1763 1984 1832 solo
2030 1764 2351 1826 Antonini
2394 1762 2658 1829 nomine

1166 1866 1515 1930 indicatur.

1537 2046 1711 2151 Nobi
1715 2087 1998 2147 tissimus
2042 2085 2293 2146 Caesar.
2347 2158 2352 2163 .

1286 2271 1620 2334 Hactenus
1672 2268 1779 2331 hic
1825 2266 2053 2335 titulus
2100 2286 2141 2329 a
2189 2243 2451 2329 moneta
2502 2286 2653 2350 qua·

1160 2391 1419 2456 cunque
1464 2369 1779 2445 extorris,
1817 2397 1824 2405 ·
1856 2369 1980 2429 etsi
2028 2367 2223 2439 illum!
2263 2366 2392 2448 jam
2447 2370 2652 2432 Getae

1160 2471 1449 2536 tribuant
1487 2490 1848 2544 marmora,
1910 2482 1979 2531 ut
2026 2466 2332 2533 vidimus.
2391 2467 2651 2533 Primus

1157 2574 1226 2636 in
1266 2572 1518 2647 numis·‚
1564 2571 1681 2633 sed
1710 2570 2046 2634 commatis
2078 2571 2453 2653 peregrini,
2499 2571 2654 2634 Dia-

1160 2673 1587 2741 dumenianus
1608 2672 1699 2736 sic
1719 2671 2107 2755 appellatur,
2152 2691 2431 2755 quorum
2446 2694 2645 2749 unum

1158 2772 1528 2836 Laodiceae
1574 2772 1873 2837 coloniae
1919 2770 2122 2832 edidit
2156 2766 2506 2852 Belleyu's‚
2551 2774 2647 2849 in·

1155 2875 1509 2958 scriptum:
1554 2873 1758 2936 NOB.
1795 2873 2036 2934 CAES.
2066 2870 2154 2952 1>).
2218 2872 2408 2934 Addo
2443 2874 2640 2937 alium

1157 2977 1458 3040 coloniae
1515 2972 1874 3036 Caesareae
1931 2972 2357 3036 Samaritidos
2414 2995 2643 3038 museo

1154 3077 1477 3136 Caesareo
1519 3095 1731 3158 nuper
1786 3072 2078 3144 illatum,
2135 3070 2357 3135 addito
2404 3073 2526 3136 sub
2569 3073 2644 3136 fi-

1152 3193 1346 3235 nem:
1413 3176 1492 3235 N.
1530 3176 1657 3235 CA.
1726 3173 1970 3236 Procul
2030 3172 2230 3234 dubio
2278 3175 2391 3259 qui
2444 3179 2642 3238 Anto·

1151 3275 1373 3347 ninus,
1419 3271 1594 3335 idem
1629 3287 1695 3336 et
1724 3273 2189 3336 nobilissimus.
2226 3276 2473 3338 Graeci
2510 3280 2641 3340 No·

1153 3378 1534 3437 bilis-simum
1570 3377 1917 3438 Caesarem
1950 3389 2295 3440 verterunt
2343 3376 2646 3455 Επιφανε-

1161 3495 1355 3535 ‹rw-ro
1362 3498 1386 3536 ν
1427 3475 1757 3553 Καισαρω,
1834 3490 1905 3540 ut
1949 3477 2085 3540 dixi
2135 3478 2203 3542 in
2245 3477 2461 3541 numia
2508 3480 2640 3543 An-

1150 3576 1352 3640 tiochi
1385 3577 1497 3644 1V.
1530 3579 1759 3662 Syriae
1789 3578 1988 3674 regis.

1671 3805 2129 3881 Augustus.

1275 3983 1585 4047 Pluribus
1604 3983 1770 4048 locis
1783 3984 2373 4050 Diadumenianum
2391 3985 2634 4051 diser-te

1147 4094 1586 4168 imperatorem
1617 4087 1902 4169 appellat
1936 4089 2067 4150 Dio
2099 4092 2179 4166 0).
2252 4067 2430 4152 Alibi
2475 4103 2639 4153 tem-

1044 4203 1056 4212 ’
1145 4210 1268 4275 pus
1309 4186 1612 4252 distincte
1644 4188 1859 4263 docet,
1902 4187 2210 4252 nimirum
2238 4205 2475 4275 coepto
2504 4194 2636 4274 jam

1145 4288 1898 4372 adversusElagabalum
1922 4290 2126 4367 bello,
2172 4313 2321 4356 cum
2359 4290 2634 4359 adhunc

1927 1060 2089 1119 Nam
2122 1056 2465 1141 proposito
2495 1074 2668 1119 novo
2721 1134 2726 1137 .

2784 957 3236 1033 renunciatum
3267 955 3354 1040 d).
3416 957 3591 1055 Quin
3640 972 3709 1022 et
3750 958 3819 1021 in
3872 980 3986 1024 sua
4034 963 4112 1025 ad
4170 987 4284 1049 pa·

2781 1070 2952 1120 trem
3018 1058 3327 1142 epistola,
3416 1076 3607 1146 quam
3678 1059 3913 1123 recitat
3970 1062 4270 1149 Lampri-

2783 1156 2928 1221 dius
2955 1159 3074 1240 θ).
3140 1160 3436 1245 scripsit:
3513 1164 3699 1224 Patri
3748 1169 4041 1244 Anyusto
4093 1169 4274 1248 filins

2779 1263 3134 1343 Aequum.
3236 1265 3577 1324 Honorem
3654 1262 3829 1326 hunc
3902 1264 4085 1327 numi
4144 1286 4280 1328 non

2777 1367 2992 1452 pauci,
3040 1367 3159 1431 sed
3204 1364 3545 1432 commatis
3577 1362 3936 1447 peregrini,
3982 1386 4056 1430 ac
4091 1386 4282 1451 prae·
4373 1450 4384 1455 q

2776 1468 2967 1552 cipue
2998 1468 3512 1543 Antiochenses,
3570 1478 3639 1527 et
3683 1464 3956 1551 insignis
4003 1466 4271 1549 Thyati-

2771 1589 2972 1632 renus
3036 1571 3208 1654 apud
3263 1567 3692 1633 Pellerinium
3735 1563 3785 1648 f)
3843 1566 4269 1648 confirmant,

2772 1668 2843 1730 in
2867 1670 3111 1756 quibus
3159 1669 3403 1735 dicitur
3432 1662 3646 1728 ATT.
3682 1667 3766 1732 K.
3812 1667 4034 1745 addito
4071 1671 4267 1736 etiam

2771 1780 3233 1856 nonnunquam
3296 1767 3485 1835 CGB.
3563 1783 3629 1832 et
3698 1790 3945 1833 corona
4019 1771 4266 1845 laurea,

2773 1891 2938 1955 quos
2973 1873 3203 1939 videre
3236 1886 3334 1935 est
3373 1858 4045 1956 apud'Pelterinium‚
4089 1873 4275 1940 Van·
4305 1908 4328 1929 x

2769 1973 3044 2036 lantium
3096 1974 3163 2036 in
3215 1972 3547 2049 Coloniis,
3606 1984 3674 2033 et
3715 1970 3785 2033 in
3833 1991 4062 2054 museo
4104 1973 4267 2035 Cae·

2687 2081 2689 2084 ’
2769 2078 2981 2139 sare'o.
3024 2073 3303 2139 Romani
3344 2071 3684 2162 commatis
3722 2092 3869 2135 cum
3899 2072 4091 2135 titulo
4129 2077 4262 2136 Ar-

2771 2175 2945 2259 gusti
2973 2172 3193 2239 nullus
3225 2188 3470 2250 exstat3
3516 2173 3740 2248 credo,
3788 2185 4093 2256 serpente
4126 2174 4256 2239 iam

2769 2274 2946 2338 inter
2992 2290 3343 2363 utrumque
3390 2274 3719 2338 aemulum
3767 2271 3986 2348 bello,
4049 2287 4116 2336 et
4163 2276 4262 2337 in·

2769 2390 2954 2439 certo
2971 2370 3149 2441 e'xitu
3180 2378 3450 2441 differre
3471 2375 4100 2438 senatusconsultum
4124 2377 4265 2459 pla-

2714 2529 2724 2537 .
2767 2476 2939 2552 cuit,
3001 2500 3132 2564 quo
3191 2481 3431 2544 collata
3482 2478 3643 2539 haec
3706 2497 3742 2537 a
3786 2475 4077 2557 Macrino
4124 2478 4265 2560 dig·

2694 2614 2699 2621 ·
2763 2578 2930 2640 nitas
2958 2578 3478 2655 confirmaretur,
3523 2590 3596 2640 ut
3636 2588 3771 2637 tum
3816 2577 4015 2638 moris
4051 2576 4259 2640 fuisse

2761 2676 3106 2743 manifeste
3138 2681 3477 2765 colligitur
3499 2699 3580 2741 ex
3611 2677 3834 2740 ‘Dione
3868 2677 3951 2757 s).
4013 2678 4250 2738 Paullo

2760 2792 2910 2861 post
2977 2781 3154 2844 victo
3212 2792 3493 2866 utroque
3557 2800 3631 2843 ac
3692 2770 3885 2842 caeso
3949 2794 4256 2863 exempta

2755 2879 3119 2944 haesitatio.
3171 2884 3387 2968 Atque
3417 2883 3580 2943 haec
3622 2901 3747 2941 una
3794 2899 3986 2943 causa
4020 2880 4248 2956 fuerit,

2756 3001 2878 3043 cur
2935 2982 3016 3046 ab
3042 2983 3227 3065 ipsis
3289 2984 3624 3050 veteribus
3702 2981 4098 3066 disputatum
4167 2977 4262 3048 sit

2754 3079 3044 3150 fueritne
3094 3084 3648 3148 Diadumenianus
3698 3099 3982 3167 unquam
4024 3086 4250 3170 Augu-

2756 3195 2893 3244 stus
2920 3180 3153 3259 dictae,
3200 3205 3364 3269 quos
3388 3163 3563 3249 inter
3599 3185 3692 3248 sic
3713 3184 4113 3268 Capitolinus
4144 3182 4248 3266 bJ:

2758 3283 3107 3348 Sciendum
3133 3297 3472 3367 praeterea
3491 3331 3508 3363 ‚
3535 3329 3542 3334 -
3568 3292 3746 3370 qnod
3779 3290 4011 3349 Caesar
4032 3291 4249 3369 fuisse

2753 3387 3009 3448 dicatur
3024 3428 3043 3459 ‚
3087 3407 3216 3448 non
3245 3391 3575 3468 Anqnstm
3600 3392 4033 3452 Diadumenus
4063 3410 4206 3470 pue.
4225 3417 4249 3461 =‚

2752 3505 2937 3567 quem
2966 3489 3272 3570 plerique·
3295 3492 3453 3570 pari
3477 3493 3691 3571 fuisse
3731 3509 3873 3552 cum
3900 3501 4091 3570 patre
4135 3495 4255 3554 im-

2742 3590 2929 3666 perio
2966 3592 3302 3652 tradidere.
3349 3590 3617 3653 Constat
3645 3590 3986 3665 nimirum,
4028 3590 4253 3655 adela:-

2751 3701 2996 3749 matum
3043 3708 3192 3751 eum
3235 3688 3440 3752 fuisse
3478 3712 3515 3753 a
3563 3703 3748 3772 patre
3780 3704 3846 3753 et
3905 3690 4243 3764 militibus,

2753 3786 2874 3849 sed
2916 3788 3205 3852 nondum
3260 3791 3538 3854 accessit
3588 3792 3909 3855 sententia
3955 3806 4241 3876 patrum,

2752 3908 2828 3952 ac
2858 3903 3209 3978 propterea
3227 3891 3690 3974 tergiversatus
3722 3892 4093 3975 provincias
4112 3893 4201 3958 Ο.
4239 3932 4246 3939 -

2753 3988 3113 4052 cidentales
3156 3989 3555 4074 Augusteum
3604 3995 3868 4056 titulum
3910 3993 4243 4058 distulisse

2752 4089 3076 4171 suspicor.
3146 4093 3376 4156 Exstat
3416 4093 3588 4178 apud
3640 4099 3762 4158 nos
3808 4093 4241 4160 Vindobonae

2749 4189 2975 4253 nobile
3010 4212 3299 4256 marmor
3326 4191 3457 4275 jam
3500 4218 3538 4259 a
3565 4197 3942 4261 marchione
3969 4195 4240 4282 Maffeio

2750 4294 3085 4377 vulgatum
3131 4289 3179 4375 i)
3203 4317 3221 4358 ε

1215 4539 1278 4605 a>
1312 4509 1623 4612 ⁴Lamprid.
1664 4537 1727 4594 iu
1762 4535 1937 4593 Diad.
1979 4558 2029 4596 c.
2068 4553 2117 4597 1.

1104 4686 1109 4690 ,
1144 4626 1210 4684 dl
1250 4624 1407 4684 Ibid.
1449 4646 1503 4685 c.
1527 4633 1618 4690 34.
1801 4631 1862 4699 e)
1904 4629 2049 4702 Cap.
2086 4638 2138 4691 8.

1143 4716 1319 4773 Mser.
1359 4735 1407 4773 c.
1451 4729 1535 4777 ιο.
1685 4715 1733 4790 ἱ)
1774 4717 1923 4775 Mus.
1955 4717 2172 4780 Veron.
2212 4740 2274 4804 p.
2312 4730 2438 4788 241.

2265 4540 2338 4613 b)
2379 4541 2549 4601 Mem.
2589 4505 2655 4601 13}
2697 4543 2760 4601 1..
2799 4541 3225 4605 Tomcxxnr.

2320 4635 2373 4703 s)
2415 4631 2549 4692 Mel.
2591 4632 2631 4692 I.
2674 4654 2733 4713 p.
2773 4647 2894 4698 100.

3359 4552 3421 4619 c)
3459 4547 3521 4604 L.
3563 4547 3885 4609 LXXVIII.
3926 4553 4097 4626 §.⁸32
4131 4560 4255 4615 38.-

3079 4639 3145 4715 g)
3186 4634 3247 4693 1..
3290 4634 3554 4698 LXXIX.
3597 4643 3646 4714 ς.
3677 4651 3729 4702 2.
3763 4650 3820 4697 et
3850 4652 3901 4709 8.
4063 4640 4132 4713 h)
4179 4644 4236 4736 'n
