4652 5937
1231 438 1377 508 1030
1400 430 1425 446 ⁴

2596 539 2648 605 X

1228 598 1474 665 nensis.
1557 594 1837 677 Legitur
1879 591 1945 651 in
1987 609 2068 651 eo
2108 589 2366 651 omissis
2411 590 2721 674 reliquis:

1230 694 2024 768 VALER1ANO.11.ET.
2053 689 2435 754 LVclLIO.
2470 692 2719 754 CONS.

1235 815 1303 866 et
1337 800 1559 885 paucis
1591 795 1982 876 interjectis:
2032 793 2442 857 IVBENTE.
2481 793 2729 855 SANC-

1128 899 1158 998 ¹.
1236 902 1623 965 'mssnuo
1671 893 2142 961 GALmENO.
2189 895 2395 959 AVG.
2480 881 2609 961 vbi
2660 896 2726 955 in

1234 1005 1366 1065 hoc
1420 1003 1927 1086 epigrammate,
1972 994 2148 1079 quod
2198 996 2513 1079 majorem
2568 1000 2732 1058 Tre-

1236 1105 1540 1167 bellianis
1582 1099 1883 1172 omnibus
1923 1095 2128 1168 fidem,
2160 1110 2492 1171 meretur,
2537 1097 2732 1163 Vale-

1237 1206 1459 1267 rianus
1499 1217 1723 1264 noster
1762 1201 1866 1262 vel
1909 1201 2181 1272 Caesar,
2226 1198 2333 1260 vel
2377 1203 2729 1281 Augustus,

1238 1308 1348 1371 vel
1397 1304 1799 1388 imperator?
1847 1303 1917 1362 ln
1957 1300 2189 1362 eodem
2226 1300 2567 1361 Gallienus
2603 1299 2729 1362 rite

1239 1409 1484 1472 (licitur
1553 1409 1922 1486 Augustus,
1997 1401 2304 1462 nimirum
2373 1402 2521 1483 quia
2579 1402 2727 1463 talis

1238 1511 1386 1579 fuit.
1448 1510 1658 1591 Igitur
1695 1527 1843 1569 cum
1891 1502 2065 1564 idem
2120 1503 2350 1564 titulus
2397 1504 2732 1565 omittatur

1236 1613 1304 1674 in
1334 1611 1721 1683 Valeriano,
1757 1619 1969 1690 patet,
2007 1623 2157 1665 eum
2198 1603 2567 1686 Augustum
2600 1624 2734 1667 non

1236 1712 1464 1775 fuisse.

1367 1814 1476 1881 lv.
1521 1812 1740 1873 Numi.
1785 1805 1888 1869 Ad
1921 1806 2041 1868 hos
2075 1803 2414 1889 potissima
2446 1805 2733 1889 antiqua·

1239 1912 1492 1989 riorum
1545 1909 1965 1993 provocatio,
2028 1930 2174 1971 nam
2224 1908 2459 1969 horum
2508 1909 2729 1968 nullus

1240 2014 1453 2094 adhuc
1498 2012 1658 2085 suit,
1709 2011 1822 2095 qui
1868 2031 1999 2072 non
2052 2029 2203 2070 suos
2239 2009 2593 2076 Valeriano
2635 2007 2733 2088 ju-

1238 2116 1415 2178 niori
1462 2133 1695 2175 numos
1745 2125 1921 2173 esset
1967 2110 2260 2193 largitus.
2328 2114 2511 2195 Ergo
2554 2109 2731 2194 quod

1240 2216 1571 2301 sequitur,
1621 2229 1869 2274 novere
1920 2209 2112 2292 hujus
2163 2232 2397 2273 numos
2445 2212 2524 2273 ab
2574 2212 2733 2271 alio-

1235 2340 1385 2381 rum
1424 2316 1894 2397 imperatorum
1935 2326 2194 2374 moneta
2231 2331 2605 2374 secernere.

1370 2419 1538 2477 Tres
1569 2414 1747 2475 modi
1779 2415 2014 2475 horum
2046 2413 2385 2474 criterium
2420 2411 2737 2472 constitu·

1237 2531 1389 2592 unt,
1432 2519 1484 2578 1.
1523 2515 1917 2577 lineamenta
1953 2513 2208 2589 vultus,
2255 2513 2336 2575 11.
2372 2511 2731 2596 epigraphe

1237 2617 1508 2701 capitis,
1551 2617 1663 2704 lil.
1692 2615 1909 2680 variae
1958 2613 2024 2674 in
2081 2632 2306 2675 aversa
2357 2615 2731 2697 peristases.

1236 2721 1324 2782 At
1370 2737 1599 2780 omnes
1642 2731 1779 2779 tres
1827 2714 2056 2777 modos
2090 2712 2160 2773 in
2195 2713 2546 2780 Valeriano
2585 2734 2733 2777 esse

1235 2819 1542 2894 fallaces,
1587 2819 1977 2899 nullumque
2028 2833 2110 2876 ex
2147 2816 2361 2876 numis
2418 2816 2733 2878 hactenus

1239 2921 1345 2983 illi
1389 2919 1692 2994 tributis,
1768 2916 1879 2999 qui
1932 2936 2064 2978 non
2115 2934 2323 3000 aeque
2378 2930 2602 2999 posset
2652 2915 2736 2980 ad

1243 3022 1629 3085 Saloninum
1680 3015 1962 3094 referri,
2018 3035 2190 3079 nunc
2238 3016 2734 3101 comprobatum

1243 3141 1348 3188 eo.

1367 3228 1785 3288 Lineamenta
1815 3222 2045 3282 cultus.
2074 3220 2353 3282 Haecin
2378 3208 2590 3284 numis
2608 3223 2737 3292 Va·

1242 3327 1499 3391 leriano
1549 3322 1705 3385 huic
1739 3320 2002 3383 tributis
2047 3334 2176 3384 tam
2221 3336 2377 3395 sunt,
2408 3321 2733 3405 ambigua,

1181 3509 1185 3514 ⁴
1244 3443 1320 3493 ut
1350 3448 1432 3491 ex
1464 3426 1545 3488 iis
1580 3423 1739 3487 solis
1770 3421 1894 3506 ipsi
1924 3422 2046 3498 illi,
2080 3424 2244 3508 quos
2276 3423 2436 3487 artis
2466 3440 2731 3489 nostrae

1183 3562 1194 3576 ·
1242 3528 1579 3615 principes
1635 3524 1984 3608 magistros
2042 3526 2495 3607 agnoscimus,
2542 3524 2739 3585 'arbi-

1241 3629 1408 3695 trari
1457 3639 1847 3700 vereantur,
1904 3623 2118 3687 sintne
2159 3625 2495 3688 tribuendi
2554 3625 2737 3688 Salo-

1241 3731 1439 3805 nino,
1469 3747 1578 3808 ‚an
1630 3724 1827 3805 hujus
1879 3739 2115 3808 patruo
2165 3725 2557 3802 Valeriano,
2630 3745 2743 3789 co·

1246 3846 1613 3917 ganturque
1652 3837 2002 3910 propterea
2039 3828 2433 3911 epigraphes
2471 3825 2735 3889 modum
2767 3841 2776 3852 ’

1250 3930 1582 4017 suppetias
1633 3946 1872 4001 vocare
1888 3971 1908 4003 .
1969 3941 2041 3990 ut
2084 3950 2238 3992 mox
2291 3927 2587 3992 sectione
2637 3945 2740 3988 se·

1181 4016 1194 4027 ⁶
1252 4049 1494 4120 quente
1527 4028 1949 4093 intuebimur.
1992 4031 2224 4115 Neque
2252 4050 2417 4095 vero
2452 4043 2522 4093 et
2555 4026 2739 4104 mihi,
2772 4045 2778 4051 ·

1252 4150 1324 4199 ut
1376 4136 1662 4220 ingenue
1709 4127 1957 4207 fatear,
2016 4130 2329 4214 inspectis
2385 4119 2489 4196 tot
2541 4129 2746 4215 hujus

1255 4237 1520 4323 generis
1550 4234 1768 4298 numis
1808 4235 1920 4299 vel
1949 4233 2358 4305 levissi'mum
2388 4220 2746 4297 discrimen

1259 4361 1299 4401 a
1339 4337 1758 4402 lineamentis
1799 4356 2040 4422 capere
2079 4336 2288 4401 licuit.
2343 4337 2434 4398 Et
2463 4355 2597 4397 non
2629 4332 2749 4395 mi·

2439 394 3169 480 SALONINVS.'

2836 590 3013 672 justo
3076 589 3425 652 intervallo
3482 582 3885 647 'distat-el?
3963 585 4275 647 Mortuus
4322 602 4404 646 est

2841 692 3210 768 Saloninus,
3244 712 3386 753 cum
3412 709 3682 751 annuiu
3711 701 3983 772 ageret
4012 686 4165 747 scre
4186 687 4401 760 xva,

2843 815 3036 878 quam
3073 806 3349 855 aetatem
3385 790 3706 873 produnt
3764 789 3993 851 etiam
4038 787 4186 867 ejus
4223 787 4401 852 numi.

2842 897 3132 970 Demus,
3195 893 3633 958 Valerianum
3719 890 3939 952 annis
4007 888 4164 951 XX.
4223 890 4399 951 fuisso

2841 988 3048 1058 fratre
3089 994 3388 1057 Gallieno
3422 993 3843 1078 juniorem,
3900 1014 4066 1056 cum
4111 991 4220 1054 hic
4255 1013 4399 1052 anno

2843 1097 3069 1159 aetatis
3110 1098 3187 1159 L.
3229 1116 3454 1159 caesus
3496 1097 3579 1156 sit
3608 1140 3629 1171 ,
3692 1114 4015 1155 necesse
4055 1106 4187 1167 est,
4233 1090 4398 1157 Valc-

2841 1196 3093 1260 rianum
3126 1198 3341 1283 egisse
3377 1211 3513 1259 tum
3547 1219 3831 1259 annum
3874 1196 4103 1257 XXX.
4156 1195 4394 1260 Fateor.

2841 1299 3163 1364 artificum
3209 1299 3512 1384 peritiam
3557 1298 3634 1358 in
3688 1295 4074 1380 fingendis
4131 1292 4391 1358 vultibus

2842 1402 2971 1489 jam
3036 1416 3168 1463 tum
3218 1400 3503 1462 deficere
3550 1398 3947 1482 coepisse,
4021 1411 4093 1459 nt
4139 1417 4266 1457 non
4311 1415 4394 1454 us·

2847 1500 2975 1587 qu‘e
3021 1523 3101 1565 eo
3146 1504 3513 1587 prolapsam
3564 1499 3955 1575 dicemus,
4018 1511 4098 1559 ut
4138 1492 4389 1581 peradu-

2847 1605 3191 1691 lescentis,
3234 1602 3491 1688 virique
3536 1604 3999 1664 lineamenta
4050 1596 4386 1660 confunde·

2760 1720 2764 1729 ’
2846 1721 3030 1782 rent,
3076 1725 3242 1791 quae
3290 1703 3484 1767 facile
3528 1703 3773 1766 fuerat
3826 1700 4072 1763 addita
4123 1697 4382 1764 Valeria·

2846 1829 2932 1870 no
2993 1807 3195 1869 barba
3253 1804 3712 1892 distinguere,
3786 1824 4009 1887 quarn
4075 1799 4218 1884 ejus
4259 1798 4380 1860 aevi

2847 1909 3219 1992 principes,
3283 1929 3431 1970 cum
3495 1908 3808 1991 primum
3883 1918 4134 1967 natura
4195 1899 4371 1971 dedit,

2842 2012 3232 2094 promittere
3302 2030 3433 2071 non
3507 2007 4024 2091 neglexerunt.
4119 2002 4372 2084 Inspice,

2844 2133 3088 2197 quaeso
3115 2157 3131 2188 ,
3177 2102 3415 2173 nu⁸mos
3458 2110 3755 2194 Augusti
3796 2108 4028 2185 *titulo
4077 2104 4362 2186 insignes,

2845 2237 3009 2299 quos
3067 2212 3361 2275 tribuere
3421 2212 3752 2275 hactenus
3812 2207 4198 2276 Valeriano
4249 2202 4364 2283 jun.

2847 2315 3339 2388 consuevimus»,
3409 2334 3490 2375 an
3551 2333 3686 2374 non
3762 2311 3838 2372 in
3911 2310 4023 2371 his
4086 2303 4359 2370 omnibus

2850 2438 3055 2500 genae
3116 2397 3635 2500 perinde'leves
3698 2433 3787 2475 ac
3838 2411 4066 2474 facies
4111 2402 4358 2493 puerilis

2849 2530 3232 2601 appareant,
3297 2529 3491 2600 atque
3537 2514 3603 2574 in
3648 2501 3735 2575 iis
3791 2513 4155 2589 omnihus,
4213 2522 4350 2591 quot

2849 2630 3036 2681 certo
3080 2637 3225 2679 esse
3274 2616 3567 2679 Salonini
3617 2615 3975 2679 novimus.

2974 2722 3341 2801 Epae'yraplw
3384 2721 3638 2796 capitia.
3716 2718 3849 2785 ,Ad
3899 2716 4079 2777 hanc
4118 2703 4348 2774 recurri

2850 2835 3189 2903 coeptum,
3236 2841 3383 2883 cum
3419 2809 3607 2903 prior
3647 2817 3832 2890 ratio
3884 2834 4137 2898 anceps
4179 2816 4345 2878 esset,

2851 2934 2918 2984 et
2969 2922 3034 2982 in
3082 2935 3427 3006 utramque
3479 2934 3731 3005 partem
3782 2920 4029 2991 fallax.
4111 2914 4200 2984 Vt
4246 2903 4344 2970 mi·

2849 3016 3037 3083 noris
3065 3022 3362 3084 subsellii
3398 3035 3881 3106 praeceptores
3929 3026 4339 3104 praeteream,

2851 3122 2935 3184 (le
2971 3141 3048 3182 ea
3084 3123 3246 3186 haec
3280 3118 3665 3188 Vaillantius
3698 3126 3800 3205 ⁸):
3851 3120 4138 3186 Plurimi
4175 3109 4339 3175 Salo·

2849 3227 2995 3285 uiui
3036 3227 3217 3285 nutui
3258 3226 3321 3284 ei
3379 3223 3766 3301 (Valeriano
3824 3219 4116 3309 juniori)
4167 3214 4336 3275 tribu-

2848 3334 3060 3386 untur.
3120 3326 3248 3401 Qut·
3288 3328 3457 3385 enim
3499 3329 3569 3386 in
3612 3329 3973 3408 epi'yraphe
4015 3323 4117 3382 his
4157 3313 4333 3377 literis

2853 3427 3029 3487 COR.
3076 3435 3194 3486 aut
3241 3426 3433 3486 SAL.
3481 3437 3598 3487 aut
3642 3430 3847 3490 DIVI
3894 3425 4154 3488 'aomina
4192 3430 4331 3495 ραν·

2849 3531 3016 3600 dent,
3056 3528 3398 3589 Valeriani
3406 3529 3700 3605 junioris
3727 3549 3861 3591 non
3892 3532 4067 3603 stant,
4097 3517 4209 3581 sed
4226 3515 4331 3574 SC·

2852 3630 3080 3692 Ionim'.
3125 3627 3299 3691 Huic
3341 3626 3487 3691 fere
3532 3647 3822 3690 consona
3864 3623 4100 3690 scribit
4130 3613 4325 3679 Iohel*

2850 3742 2955 3793 tus
2984 3726 3079 3809 ὐτ
3131 3733 3388 3810 Opostet
3408 3731 4026 3811 nosse-dz'ste’nyuere
4053 3726 4211 3784 iuter
4226 3730 4325 3776 nv·

2850 3851 2989 3892 mos
3018 3835 3286 3893 duorum
3321 3832 3843 3904 Valerianorunr,
3882 3828 4181 3890 nimirum
4202 3815 4323 3892 ἅθ’

2852 3934 2969 4017 qm·
2980 3934 3120 4011 suit
3134 3934 3313 4012 filius
3338 3933 3624 3994 Gallieni
3650 3940 3718 3993 ct
3731 3933 4113 3999 Salaniana,
4139 3920 4323 3981 did„

2855 4025 3630 4109 Cornelius'SaloninuS,
3693 4042 3760 4093 et
3815 4036 4002 4110 esus,
4052 4025 4166 4109 qui
4192 4013 4324 4099 fus!

2848 4136 3027 4216 filius
3064 4135 3402 4195 Valeriam·
3430 4143 3497 4194 et
3522 4136 3970 4204 Marinianae,
4006 4130 4203 4189 dictus
4226 4108 4320 4180 Li·

2860 4233 3099 4298 cinius'.
3166 4234 3315 4298 stom
3337 4235 3529 4294 ‘ulkil
3566 4237 3865 4297 scribitur
3897 4227 4313 4314 praeterqnaw

2870 4333 3467 4408 VALERJANVS‚
3523 4336 3795 4414 difficile
3847 4332 4211 4397 discrimen·
4254 4316 4319 4374 α’

1260 4460 1407 4502 rum
1435 4435 1614 4502 istud
1638 4437 1974 4517 videatur,
2017 4458 2167 4503 cum
2198 4436 2541 4521 utriusque
2572 4432 2750 4501 aetas
2863 4456 3006 4500 cum
3047 4440 3309 4500 additur
3352 4439 3532 4501 COR.
3567 4441 3676 4501 vel
3701 4433 4032 4501 sae-001
4050 4408 4309 4492 BIWS.

1344 4653 1405 4724 s)
1444 4653 1618 4713 unm.
1657 4663 1870 4729 praest.
1908 4653 1977 4712 Τ.
2014 4652 2058 4714 1.
2096 4671 2156 4729 p.
2203 4664 2322 4728 ¹90-
2361 4649 2453 4710 ed..
2490 4651 2678 4714 Romu

2860 4649 2932 4726 b)
2967 4649 3140 4710 Tom.
3171 4648 3244 4718 ΙΙ.
3280 4671 3346 4733 p·
3382 4659 3474 4717 28.
3523 4672 3533 4708 ς
