4652 5937
1357 397 1498 477 162.

1349 565 1584 638 numos
1617 569 1823 633 fuisse
1842 587 2034 631 cusos
2064 562 2440 628 verisimile·
2454 579 2577 633 est,
2621 564 2851 632 offici-

1349 699 1430 740 na
1483 671 1943 756 Lugdunensis
1987 671 2118 753 jam
2167 684 2572 733 memoratur
2617 669 2684 730 in
2734 689 2852 729 nu·

1350 776 1473 840 mis
1522 771 1790 836 Antonii
1841 773 2094 846 luviz-i,
2167 772 2389 834 multo·
2451 785 2669 833 autem
2718 769 2852 832 fre·

1346 877 1653 963 quentius
1676 873 1744 935 in
1784 873 1999 935 numis
2031 873 2367 936 inferioris
2403 873 2567 935 aevi.
2612 871 2849 954 Aquila

1350 978 1630 1063 pedibus
1681 976 1986 1038 adstituta
2029 975 2204 1037 sorte
2252 976 2536 1049 indicat,
2582 972 2850 1055 Lugdu-

1347 1101 1509 1141 num
1543 1079 1610 1141 in
1646 1099 1894 1140 summa
1924 1078 2094 1139 Iovis
2128 1078 2333 1139 tutela
2351 1076 2592 1151 fuisse,
2633 1086 2706 1134 ut
2747 1091 2849 1133 re-

1346 1202 1505 1246 vera
1534 1180 1812 1241 Albinus
1860 1180 2102 1261 primas
2161 1199 2308 1240 suas
2353 1175 2663 1240 victorias
2705 1172 2852 1236 Iovi

1343 1295 1644 1365 acceptas
1731 1280 1883 1339 tulit
1981 1293 2156 1341 teste
2241 1299 2443 1341 numo
2529 1289 2845 1358 argenteo

1243 1383 1246 1386 ’
1342 1382 1517 1468 apud
1549 1380 1971 1448 Vaillantium
2009 1401 2155 1445 cum
2196 1379 2589 1465 epigraphe:
2626 1376 2843 1445 IOVI.

1348 1483 1740 1549 VICTORI.

1553 1624 1612 1680 V
1607 1631 1637 1679 t
1674 1623 1771 1681 lit.
1805 1622 1882 1678 D.

1342 1739 1554 1797 Man.
1599 1737 1799 1801 VLT.
1850 1733 2040 1796 COS.
2079 1735 2158 1793 11.
2205 1739 2382 1795 Mars
2418 1744 2598 1795 stans
2635 1739 2698 1795 d.
2735 1737 2847 1796 ha-

1343 1850 1548 1911 stam,
1641 1857 1692 1898 s.
1740 1838 2030 1915 yaleam.
2084 1834 2224 1897 AR.
2305 1836 2504 1913 (Mus.
2562 1837 2744 1898 Com.
2808 1856 2843 1896 a

1347 1938 1622 2016 Vitzai.)
1656 1960 1660 1965 ’

1373 2077 1378 2082 -
1899 2150 1939 2187 o
2066 2089 2105 2143 ᾖ
2233 2150 2296 2189 ι’

1626 2263 1805 2322 ῙΜΡ.
1878 2261 2119 2324 CAES.
2188 2261 2320 2325 CL.
2390 2260 2635 2322 SEPT.
2699 2264 2842 2323 AI.-

1624 2366 1795 2425 BIN.
1841 2364 2041 2431 AVG.
2098 2365 2301 2443 Caput
2328 2366 2708 2426 laureatum.

1339 2504 1412 2565 S.
1452 2504 1528 2564 P.
1568 2500 1652 2597 Q.
1687 2504 1771 2565 R.
1806 2503 1882 2564 P.
1917 2499 1992 2561 P.
2052 2499 2192 2563 ΟΒ.
2241 2502 2310 2562 C.
2363 2501 2431 2563 S.
2489 2504 2663 2562 intra
2697 2504 2844 2563 lau-

1341 2626 1538 2667 ream.
1596 2606 1735 2667 AR.
1800 2602 2025 2694 (Vaill.
2077 2604 2268 2665 Num.
2326 2615 2567 2683 praest.
2621 2605 2697 2662 Τ.
2754 2603 2833 2663 11.

1337 2707 1498 2770 edit.
1537 2709 1729 2768 Rom.
1762 2727 1831 2788 p.
1867 2705 2009 2766 208.
2042 2704 2110 2765 in
2138 2703 2515 2780 iconismo.)

1465 2817 1633 2904 Cum
1668 2823 1942 2886 Albinus
1965 2866 1982 2898 ,
2039 2842 2122 2883 ex
2156 2841 2286 2905 quo
2322 2819 2602 2903 Augusti
2633 2822 2838 2882 hono-

1338 2945 1483 2988 rem
1533 2925 1900 2987 reluctante
1947 2923 2200 2985 Severo
2252 2921 2557 3004 arripuit,
2627 2921 2853 2989 hostis,

1338 3026 1547 3088 fuerit
1579 3024 1899 3105 judicatus
1923 3067 1941 3098 ,
2001 3008 2235 3083 numus
2268 3019 2376 3083 hic
2425 3022 2493 3083 in
2533 3022 2699 3085 urbe
2739 3023 2836 3086 fe·

1339 3125 1464 3188 riri
1524 3145 1653 3187 non
1709 3123 1960 3207 potuit,
2033 3141 2248 3205 neque
2303 3123 2581 3207 amplius
2639 3149 2677 3187 a
2736 3145 2835 3187 se-

1337 3240 1492 3289 natu
1516 3270 1533 3302 ,
1578 3226 1739 3288 licet
1777 3224 1877 3285 illi
1912 3223 2208 3308 impense
2246 3222 2470 3286 dedito
2515 3226 2835 3309 praestari

1339 3329 1593 3403 honor,
1650 3346 1843 3411 quem
1877 3325 2198 3388 numisma
2234 3322 2604 3410 profitetur.
2647 3329 2832 3411 Ergo

1343 3430 1400 3491 si
1438 3447 1637 3493 verae
1673 3426 1851 3488 >illud
1900 3439 2003 3489 est
2026 3424 2216 3502 fidei,
2269 3426 2832 3491 dissimulantibus

1340 3529 1677 3595 historicis
1711 3520 2015 3590 omnibus
2053 3527 2398 3591 manifeste
2443 3528 2676 3607 docet,
2721 3528 2835 3591 Al-

1337 3633 1569 3695 binum
1606 3632 1676 3692 in
1704 3628 1918 3690 Gallia
1963 3624 2122 3689 sibi!
2139 3627 2462 3692 conflasse
2515 3643 2831 3708 senatum,

1337 3759 1374 3797 a
1420 3756 1552 3820 quo
1590 3734 1806 3794 Patris
1854 3732 2120 3791 Patriae
2153 3729 2665 3813 appellationem
2687 3776 2705 3808 ‚
2766 3745 2837 3796 et

1341 3849 1751 3899 servatorum
1766 3829 2005 3892 civium
2028 3826 2251 3905 decus,
2292 3828 2581 3896 lauream
2596 3851 2839 3917 nempe

1343 3934 1707 4000 abstulerit.
1754 3929 2005 3993 Eadem
2056 3931 2310 3995 ratione
2348 3934 2506 3997 olim
2543 3948 2611 3997 et
2644 3937 2840 3995 Pom·

1337 4035 1527 4120 pejus
1574 4037 1666 4097 M.
1709 4031 1776 4095 in
1827 4031 2142 4109 Graecia,
2201 4034 2449 4119 'Scipio
2494 4035 2564 4097 in
2611 4034 2838 4098 Africa

1296 4200 1301 4209 ,
1341 4157 1533 4200 suum
1570 4135 1862 4198 habuere
1897 4147 2193 4197 senatum
2217 4180 2235 4210 ,
2292 4136 2421 4199 etsi
2452 4138 2693 4201 Caesar
2730 4155 2840 4198 ur·

1337 4237 1491 4300 bem
1537 4250 1799 4300 senatus
1845 4219 2094 4298 sedem*
2119 4236 2185 4297 in
2224 4256 2338 4299 sua
2369 4250 2693 4321 potestate
2727 4237 2839 4301 hs·

1343 4340 1572 4412 beret,
1661 4336 1970 4418 idemque
2033 4339 2244 4399 serius
2300 4336 2544 4402 fecisse
2602 4342 2835 4401 Postu-

1338 4460 1552 4514 mum,
1614 4436 1682 4497 in
1731 4433 1925 4517 huius
1977 4440 2237 4499 m'oneta
2282 4438 2669 4503 videbimus.
2727 4441 2833 4504 De

1337 4560 1538 4603 numo
1571 4536 1702 4601 alio
1737 4556 1884 4617 cum
1941 4536 2142 4597 simili
2187 4559 2415 4602 avorsa
2462 4554 2697 4624 agetur
2736 4542 2836 4606 in-

1340 4641 1442 4703 fra
1476 4641 1546 4701 in
1573 4637 1788 4699 numis
1818 4633 2042 4698 Albini
2071 4634 2628 4704 insolentioribuS.

2299 375 2836 456 CLODIVS
2939 378 3501 460 ALBINVS.

3093 566 3361 654 Reliqui
3393 570 3615 634 Albini
3659 539 3935 656 Augfisti
3964 573 4161 635 numi
4208 575 4448 660 inscrip-

2965 667 3215 747 tiones,
3263 686 3329 733 et
3366 685 3559 756 typos
3594 673 3823 739 obvios
3855 675 4230 739 continent.

3393 898 3702 958 Numen
3761 917 4054 976 vaqus.

3249 1079 3490 1141 Amica
3518 1084 3788 1142 incerta.

2960 1173 3514 1244 FORTITVDO.
3580 1181 3779 1245 AVG.
3831 1183 4231 1247 INVICTA.
4316 1187 4451 1246 Iler·

2961 1280 3133 1338 cules
3167 1290 3346 1342 stam
3378 1291 3578 1343 tectus
3612 1285 3818 1344 leonis
3850 1286 4125 1344 exuviis
4156 1288 4223 1342 d.
4256 1287 4451 1346 clarae
4478 1339 4487 1364 Ἰ

2962 1381 3229 1442 innixus
3244 1425 3260 1456 ‚
3293 1405 3340 1443 s.
3354 1403 3554 1459 poma
3570 1386 4008 1461 Hesperidum.
4024 1386 4187 1445 AR.
4216 1385 4449 1463 (vain.)

3046 1482 3326 1550 Numum
3364 1483 3539 1546 bunc
3574 1483 3955 1546 describere
3987 1485 4253 1565 placuit
4279 1506 4450 1569 prop-

2965 1592 3070 1641 ter
3118 1583 3524 1666 epigraphen
3566 1585 3909 1649 insuetam.
3994 1589 4186 1648 Eum
4237 1607 4449 1668 vagum

2963 1704 3089 1744 una
3119 1684 3454 1751 Vaillantii
3500 1685 3756 1748 incuria
3788 1669 4197 1763 constituit,
4223 1687 4328 1770 qui
4359 1709 4446 1747 an-

2965 1784 3155 1846 ticam
3197 1784 3574 1847 describere
3609 1787 3936 1869 neglexit,
3979 1788 4254 1851 incerto
4283 1786 4447 1858 adeo,

2963 1885 3130 1947 sitne
3159 1885 3383 1948 Albini
3417 1888 3750 1966 Caesaris,
3796 1890 4209 1974 anAugusti.

3197 2109 3396 2171 Numi
3437 2109 3667 2169 Albim·
3707 2110 4182 2176 {ardentiorem

3167 2344 3185 2353 ·
3228 2310 3316 2373 D.
3379 2310 3509 2372 CL.
3559 2311 3806 2378 SEPT.
3866 2314 4164 2380 ALBIN.
4216 2315 4429 2379 CAES-

2957 2410 3158 2488 Caput
3196 2415 3455 2473 nudum.

2954 2509 3021 2571 S.
3059 2512 3133 2573 P.
3168 2509 3255 2602 Q.
3285 2514 3366 2572 R.
3404 2513 3478 2574 P.
3515 2514 3591 2577 P.
3643 2512 3785 2598 OB.
3837 2516 3907 2578 C.
3960 2517 4029 2582 S.
4085 2521 4268 2580 intra
4313 2521 4429 2579 Iau-

2948 2632 3145 2674 ream.
3195 2615 3328 2674 AR.
3418 2615 3617 2691 (Mus.
3649 2615 3839 2677 Caes.
3879 2616 4323 2696 Mediobarb.)

3234 2711 3319 2775 Ι).
3341 2715 3600 2778 CLOD.
3635 2716 3881 2781 SEPT.
3904 2720 4194 2783 ALBIN.
4210 2718 4424 2783 CAES-

3237 2818 3439 2893 Caput
3464 2815 3728 2881 nudum.

2948 2915 3022 2976 Ρ.
3050 2916 3144 2978 Μ.
3176 2917 3316 2977 ΤΒ.
3352 2917 3426 2977 Ρ.
3453 2915 3640 2981 Cos.
3680 2920 3762 2982 11.
3793 2923 3997 2984 Roma
4028 2925 4275 2986 sedem.
4305 2918 4418 2981 AR.

2953 3018 3151 3097 (MuS.
3181 3017 3485 3097 Farnes.)

3231 3118 3316 3179 D.
3344 3119 3748 3187 CLODIVS.
3776 3122 4179 3193 ALBINVS.
4202 3122 4422 3187 CAES.

2949 3220 3021 3281 P.
3055 3222 3145 3281 M.
3182 3221 3327 3284 TR.
3361 3220 3434 3282 P.
3491 3223 3577 3282 11.
3616 3222 3806 3286 COS.
3844 3225 3927 3289 11.
3971 3230 4222 3307 Fiqura
4267 3236 4421 3288 stam

2948 3324 3009 3381 d.
3053 3306 3302 3385 r‘amum
3321 3366 3338 3397 ,
3411 3343 3464 3389 s.
3502 3327 3754 3388 hastam
3795 3348 3939 3389 cum
3979 3331 4224 3408 clypeo.
4299 3327 4416 3388 AB.

2946 3421 3429 3505 (Mediobarb.)
4148 3418 4155 3423 ”

3231 3528 3426 3588 Alius
3457 3530 3729 3602 similis,
3791 3532 3909 3589 sed
3930 3533 4075 3590 ΑΕ.
4102 3531 4198 3592 ΙΙ.
4228 3538 4288 3591 et
4319 3529 4412 3587 ad-

3232 3630 3371 3691 dito
3411 3628 3480 3691 S.
3509 3629 3584 3692 C.
3630 3629 4108 3711 (Mediobarb.)

3076 3727 3442 3792 Insolentes
3478 3729 3600 3793 hos
3635 3749 3872 3792 numos
3910 3730 4086 3807 dixi,
4133 3729 4410 3816 quoniam

2946 3828 3159 3892 antica
3183 3828 3488 3892 Albinum
3519 3830 3906 3913 simpliciter
3925 3834 4268 3897 Caesarem
4286 3847 4412 3914 pro-

2948 3927 3206 4005 fitetur,
3266 3942 3331 3992 et
3373 3951 3599 3995 aversa
3625 3951 3759 4009 non
3791 3932 3989 3996 modo
4038 3934 4264 4000 titulos
4302 3932 4411 3992 Aa·

2953 4032 3159 4114 gustis
3197 4031 3395 4095 tribui
3429 4029 3696 4107 solitos,
3741 4031 3860 4096 sed
3902 4034 4099 4097 etiam
4130 4036 4258 4103 hos
4293 4029 4411 4113 ejus

2948 4132 3246 4217 generis,
3301 4133 3534 4218 quales
3584 4132 3652 4193 in
3701 4135 3916 4198 numis
3961 4135 4184 4199 Albini
4221 4137 4413 4217 Augu-

2954 4234 3076 4312 sti,
3158 4254 3323 4318 quos
3381 4255 3576 4319 supra
3637 4232 3993 4320 descripsi,
4051 4257 4187 4317 non
4247 4250 4409 4315 repe-

2948 4336 3114 4409 rias,
3174 4350 3242 4398 ut
3291 4332 3505 4399 Patris
3554 4336 3854 4412 Patriae,
3915 4337 4254 4402 Pontificis
4296 4336 4411 4396 Ma-

2949 4438 3146 4514 ximi,
3239 4450 3307 4499 et
3368 4436 3758 4502 tribuniciae
3809 4441 4168 4523 potestatis.
4273 4441 4406 4504 Cum

2949 4550 3241 4614 constet,
3319 4560 3555 4602 numos
3606 4540 3829 4604 Albini
3883 4540 4095 4607 adhuc
4140 4537 4407 4609 Caesaris

2945 4661 3095 4704 esse
3152 4639 3440 4723 signatos
3472 4644 3762 4719 Romae,
3820 4644 4178 4710 verisimile
4228 4637 4408 4713 videri
