4652 5937
1213 489 1808 565 CLAVDIVS
1897 488 2547 569 GOTHICVS.

311 678 591 748 Graecis
625 676 903 755 Heben,
947 694 1099 741 cum
1132 670 1426 741 Hercule
1486 671 1817 737 matrimo-

315 784 434 847 nio
475 781 799 867 junctam,
844 792 918 843 ut
957 777 1153 842 docet
1186 775 1613 859 mythologia.

1041 877 1081 916 1

1206 919 1247 959 ἦ

877 923 918 964 o

607 988 692 1046 Vt
729 987 826 1047 lit.
862 985 945 1045 A.

312 1086 766 1152 NEPTVNO.
824 1081 1045 1152 AVG:
1121 1086 1454 1161 Neptunus
1508 1088 1691 1140 stans
1747 1081 1811 1139 d.

307 1190 716 1268 delphinum,
760 1208 812 1251 s.
846 1187 1202 1248 tridentem.
1271 1181 1413 1244 ΔΕ.
1445 1180 1557 1244 111.
1605 1182 1811 1262 (Mus.

307 1286 535 1368 Caes.)
1278 1337 1285 1343 .
1550 1316 1557 1323 -
1799 1280 1813 1294 ‘

443 1390 595 1453 Hoc
653 1408 853 1450 numo
902 1385 1212 1450 Claudius
1266 1391 1574 1471 Neptuno
1629 1402 1814 1447 acce-

312 1503 497 1575 ptam
546 1488 758 1553 refert
800 1489 1093 1565 cladem,
1139 1510 1329 1572 quam
1385 1485 1815 1549 barbarorum

198 1590 203 1599 ”
315 1591 550 1657 classis
593 1592 659 1654 in
696 1591 1101 1674 Propontide
1151 1610 1337 1672 passa
1384 1600 1484 1650 est
1544 1587 1817 1649 navibus

316 1715 635 1778 aquarum
680 1690 841 1755 moli
885 1692 951 1751 in
1000 1690 1101 1752 his
1140 1689 1454 1772 angustiis
1488 1703 1816 1752 coartatae

310 1796 635 1859 resistere
673 1813 804 1855 non
843 1791 1210 1854 valentibus
1247 1804 1313 1852 et
1357 1791 1647 1855 violente
1683 1790 1820 1852 col-

309 1898 494 1974 lisis»,
549 1908 617 1957 ut
648 1893 856 1955 refert
896 1894 1216 1956 Zosimus.
1260 1890 1510 1955 Eadem
1548 1892 1630 1953 de
1672 1912 1819 1952 cau-

312 2020 387 2062 sa
436 2000 505 2060 in
559 1997 773 2059 numis
819 1992 1584 2057 ClaudiiAlexandt-inis
1625 1991 1816 2075 hujus

316 2102 471 2163 anni
506 2101 848 2183 Neptunus
884 2108 1242 2178 comparet.

891 2240 929 2278 s
980 2299 991 2305 α
1032 2195 1094 2266 ο*
1218 2239 1259 2278 o

612 2306 696 2362 Vt
727 2303 825 2361 lit.
860 2305 944 2361 A.
1168 2334 1175 2341 ·

315 2407 376 2467 lt
387 2401 557 2464 EGI.
576 2400 856 2464 ARTIS.
882 2404 1206 2462 Vulcanus
1222 2411 1402 2462 stans
1420 2403 1482 2462 d.
1498 2403 1817 2474 malleum,

317 2529 369 2568 s.
400 2506 735 2586 forcipem.
804 2502 936 2561 ΑΕ.
972 2502 1080 2561 111.
1134 2501 1334 2581 (Mus.
1383 2503 1566 2565 Caes.
1618 2502 1820 2583 Span-

317 2606 498 2667 heim
540 2606 758 2666 Caess.
798 2601 917 2662 Iul.
955 2624 1020 2685 p.
1056 2600 1193 2684 96.)

450 2705 785 2767 Habemus
818 2724 1054 2765 numos
1101 2703 1430 2769 Valet-iani
1478 2718 1541 2766 et
1577 2703 1823 2767 Gallie·

316 2807 389 2871 ni
430 2807 783 2888 inscriptos
822 2804 1032 2869 ΠΕΟ.
1075 2802 1514 2871 VOLKANO
1554 2826 1702 2869 cum
1741 2807 1823 2867 si·

318 2909 463 2973 mili
522 2908 801 2977 Vulcani
873 2906 1100 2970 stantis
1179 2920 1337 2992 typo
1364 2947 1382 2980 ‚
1451 2928 1819 2994 quanquam

318 3030 452 3073 non
501 3010 787 3073 alienum
830 3009 1126 3082 videtur,
1182 3010 1355 3072 hunc
1392 3031 1601 3090 reyem
1652 3013 1821 3072 artis

321 3131 467 3175 esse
503 3109 789 3172 eundem
826 3129 973 3170 cum
1008 3114 1126 3171 deo
1149 3113 1378 3173 Cabiro
1421 3112 1485 3170 in
1525 3110 1820 3193 superio·

325 3232 402 3274 re
447 3231 646 3273 numo
704 3224 1109 3284 memorato,
1170 3210 1321 3293 qui,
1382 3224 1452 3272 ut
1511 3210 1817 3284 vidimus,

328 3311 603 3382 Claudio
648 3306 986 3373 beneficus
1043 3323 1143 3372 est
1189 3307 1511 3387 creditus,
1574 3311 1817 3394 quique

228 3438 237 3446 ·
322 3434 443 3479 rea:
499 3417 666 3476 artis
726 3409 1004 3495 perinde
1064 3409 1196 3472 dici
1247 3411 1495 3494 potuit,
1560 3425 1630 3472 ut
1674 3411 1817 3492 ejus

324 3513 509 3577 numi
560 3527 785 3596 typus,
832 3526 897 3576 et
935 3510 1233 3574 doctrina
1267 3511 1350 3573 de
1390 3511 1642 3575 Cabiris
1672 3533 1822 3596 per·

331 3614 624 3680 suadent.
715 3612 1052 3708 Quidquid
1105 3612 1265 3689 erit,
1327 3626 1543 3677 certe«
1565 3614 1823 3676 Plutar-
1918 3677 1923 3684 ,

333 3719 494 3783 chus
540 3717 836 3800 apposite
896 3715 977 3777 ad
1036 3716 1212 3779 hunc
1271 3736 1538 3777 numum
1583 3714 1821 3781 Vulca-

330 3841 481 3882 num
540 3818 828 3901 appellat
890 3815 1167 3902 ἆρχηεγον
1225 3837 1341 3880 των
1382 3837 1643 3901 τεχνων,
1706 3821 1821 3878 cm-

331 3943 465 3986 cem
518 3924 758 3982 artium
816 3923 911 4002 ⁸),
968 3935 1037 3984 et
1096 3920 1444 4004 aliquoties
1486 3922 1821 4002 Homerus

332 4028 764 4103 κλυτοτεχνην,
820 4032 963 4083 arte
1003 4026 1309 4086 celebrem
1362 4017 1453 4104 ι)).
1541 4019 1822 4102 Propius

328 4127 601 4189 Nonnus
653 4122 1076 4206 Panopolites
1123 4122 1220 4204 c),
1300 4125 1413 4207 qui
1454 4121 1824 4191 Vulcanum

262 4247 271 4252 ·
333 4247 591 4305 megaron
625 4244 844 4308 τεχιης
887 4237 1120 4310 vocat,
1161 4224 1233 4286 id
1268 4238 1406 4286 est:
1465 4244 1678 4304 reyem
1720 4245 1821 4285 ar·

410 4474 475 4542 a)
511 4471 849 4546 comparat.
876 4485 1064 4547 aquae
1094 4481 1153 4530 et
1186 4469 1301 4547 ign.
1342 4468 1505 4527 T.11.
1537 4487 1597 4544 p.
1623 4476 1751 4542 958.

337 4561 402 4636 d)
440 4562 609 4621 Orat.
648 4559 810 4623 xlv.
847 4565 904 4634 §0
940 4561 995 4624 6.

340 4653 405 4712 Τ.
446 4653 517 4710 II.
558 4673 615 4729 p.
655 4659 747 4715 34.

536 4745 719 4826 (Vol.
756 4743 934 4825 VII.)

1895 4467 1966 4539 b)
1999 4467 2065 4524 11.
2092 4472 2164 4530 A.
2194 4485 2250 4530 v.
2279 4479 2404 4532 571.

1173 4562 1237 4636 e)
1276 4559 1461 4622 Inscr.
1496 4560 1570 4623 Τ.
1608 4558 1711 4619 ΙΠ.
1749 4556 1867 4616 tab.
1907 4557 2095 4616 XXX.

3273 515 3319 588 Ιι
3330 520 3364 582 ’Ζ
3376 519 3420 580 3

1929 678 2050 752 tis,
2114 695 2246 759 quo
2291 676 2492 741 modo
2536 676 2874 740 Himerius
2923 679 3212 764 sophista
3253 683 3427 749 Her-

1928 795 2279 859 mogenem
2341 799 2607 863 procos.
2654 776 2970 843 Graeciae
3013 786 3278 853 βασιλεα
3311 807 3430 862 της

1926 896 2187 960 τεχνης,
2231 899 2470 963 nempe
2502 879 2686 963 ejus,
2732 903 2925 966 quam
2958 889 3430 950 exet-centun-

1830 1020 1841 1029 -
1925 997 2036 1042 sae
2069 976 2157 1061 d).
2248 980 2447 1075 Quod
2483 982 2660 1043 inter
2689 982 2853 1045 deos
2887 1003 3104 1047 mares
3123 984 3246 1048 fuit
3261 988 3425 1055 Vul-

1927 1097 2164 1158 canus,
2221 1081 2390 1144 illud
2447 1081 2623 1144 inter
2675 1083 2947 1146 alterius
3009 1103 3205 1148 sexus
3267 1088 3427 1152 deos

1925 1178 2147 1244 habita
2204 1182 2546 1260 Minerva,
2623 1183 2808 1246 mille
2871 1204 3143 1266 operum
3204 1188 3429 1254 inven-

1925 1282 2096 1359 trix,
2142 1303 2218 1345 ac
2247 1296 2604 1366 propterea
2638 1283 2933 1367 epitheto
2968 1283 3279 1370 Ερσγανης,
3324 1308 3431 1354 or·

1929 1397 2112 1458 nata,
2183 1399 2381 1469 atque
2430 1384 2514 1445 ob
2559 1384 2832 1447 eandem
2886 1393 3144 1448 causam
3185 1391 3426 1454 sociata

1933 1505 2081 1549 cum
2114 1487 2415 1555 Vulcano
2451 1486 2518 1546 in
2563 1488 2799 1550 eximia
2837 1509 2999 1551 urna
3031 1492 3252 1576 operis
3283 1515 3430 1555 ana·

1934 1586 2201 1670 glyphi,
2248 1607 2438 1670 quam
2492 1587 2785 1670 vulgavit
2822 1584 3064 1651 Gorius
3097 1593 3179 1673 Θ).
3257 1593 3427 1660 Vide

1933 1702 2000 1750 et
2044 1709 2313 1749 numum
2362 1690 2671 1751 Antonini
2718 1691 2820 1777 Pii
2864 1713 3012 1775 pag.
3061 1692 3164 1767 34.
3236 1695 3427 1776 hujus

1930 1788 2306 1852 voluminis.
2400 1791 2471 1851 Si
2515 1791 2721 1851 risum
2766 1793 3055 1874 appetis,
3100 1793 3253 1877 lege
3291 1815 3429 1855 mo-

1934 1889 2083 1952 dum
2109 1933 2125 1964 ,
2175 1912 2304 1973 quo
2345 1892 2685 1952 Harduino
2732 1894 2912 1954 numi
2949 1893 3140 1975 hujus
3175 1894 3433 1978 epigra-

1931 1991 2108 2076 phen
2142 2005 2207 2052 et
2238 1992 2589 2074 imaginem
2620 1994 2951 2075 explicare
2980 1996 3227 2078 placuit
3269 1994 3344 2078 s).

2511 2201 2550 2242 st
2677 2159 2717 2198 *
2839 2204 2881 2245 U*
2915 2258 2918 2263 Ι

1984 2318 1991 2323 ’
2225 2298 2310 2357 Vt
2352 2296 2450 2357 lit.
2478 2299 2567 2359 A.
2617 2310 2622 2313 “

1937 2394 2233 2466 SALVS.
2301 2393 2504 2465 AVG.
2579 2400 2799 2480 Hyyae'a
2840 2409 3041 2463 stans.
3130 2403 3201 2462 In
3245 2402 3426 2465 aliis:

1933 2501 2381 2577 Aesculapius.
2443 2501 2518 2559 ln
2552 2499 2734 2561 aliis:
2777 2504 3011 2578 Apollo
3052 2507 3115 2565 d.
3159 2524 3426 2578 ramum,
3493 2558 3500 2567 .

1933 2620 1984 2663 s.
2022 2603 2250 2681 lyram.
2314 2601 2388 2661 In
2419 2600 2598 2663 aliis:
2645 2605 2773 2662 Isis
2820 2614 3000 2663 stans
3044 2608 3424 2679 d.,ss‘strum‚

1933 2722 1985 2762 s.
2025 2706 2309 2763 situlam.
2355 2704 2491 2764 AE.
2531 2702 2639 2763 111.
2687 2706 2882 2782 (Mus.
2925 2704 3145 2784 Caes.)

2058 2805 2206 2864 Non
2238 2802 2591 2884 injucunda
2622 2800 2900 2868 trarietas
2924 2806 3221 2880 deorum,
3261 2825 3425 2890 quos

1932 2900 2160 2964 salutis
2213 2925 2368 2967 suae
2410 2925 2762 2991 sponsores
2809 2905 2930 2968 sibi
2965 2907 3272 2970 Claudius
3317 2908 3430 2970 de-

1935 3006 2120 3088 legit.

2224 3112 2310 3170 Vt
2352 3113 2448 3171 lit.
2490 3113 2575 3176 A·
3021 3183 3030 3196 ‚

1935 3208 2130 3274 SOL.
2169 3211 2362 3276 AVG.
2407 3213 2534 3271 Sol
2559 3222 2742 3273 stans
2780 3216 2843 3274 d.
2874 3218 3082 3293 elata,
3127 3239 3179 3282 s.
3201 3220 3426 3300 βαρα-

1932 3311 2086 3373 lum.
2134 3311 2268 3370 ΑΕ.
2302 3311 2412 3370 111.
2453 3311 2653 3389 (Mus.
2695 3314 2912 3396 Caes.)

2214 3409 2411 3473 Ale'ae‘es
2437 3415 2671 3473 similis
2689 3457 2708 3488 ‚
2752 3395 2870 3474 sed
2894 3420 3197 3495 scriptum
3212 3439 3238 3479 .·
3285 3419 3426 3483 SO—
3445 3395 3466 3411 ·

2174 3553 2179 3558 -
2216 3512 2408 3580 LVS.
2452 3511 2654 3580 AVG.
2697 3512 3036 3612 ⁰(Pelleriu
3085 3516 3420 3610 Suppleng.

2213 3614 2297 3678 11.
2341 3636 2405 3696 p.
2451 3615 2588 3698 99.)
3478 3631 3486 3638 '

2060 3713 2242 3776 Haec
2273 3735 2542 3779 aversae
2574 3717 2934 3802 epigraphe
2963 3719 3029 3781 in
3060 3717 3219 3782 solis
3239 3722 3428 3784 Clau·

1936 3813 2025 3876 dii
2054 3816 2269 3878 numia
2302 3818 2599 3882 habetur.
2671 3820 3067 3884 Pellerinius
3111 3823 3423 3907 scriptum

1938 3915 2003 3977 in
2028 3937 2228 3982 numo
2265 3941 2384 3983 suo
2408 3921 2720 3987 SOLVS.
2744 3920 2942 3989 AVG.
2966 3944 3096 3986 nou
3125 3924 3265 3986 sine
3285 3945 3427 3987 cer·

1938 4032 2000 4082 ta
2031 4017 2286 4083 ratione
2338 4022 2644 4105 conjicit3
2688 4024 2870 4087 innui
2919 4043 3191 4109 nempe,
3238 4025 3427 4089 Clau·

1937 4120 2118 4183 dium
2155 4126 2364 4184 solum
2402 4124 2689 4187 exclusis
2728 4125 2997 4190 Tetrico
3028 4140 3096 4189 et
3131 4128 3424 4192 Zenobia

1936 4222 2200 4318 impe-rii
2231 4222 2596 4306 principem
2627 4227 3133 4310 agnoscendum.
3177 4230 3425 4308 Aca-te!
3457 4221 3460 4224 ’

2554 4474 2614 4538 c)
2655 4469 2894 4548 Dionys.
2930 4470 2976 4526 L
3031 4472 3217 4532 XXX.
3252 4495 3303 4530 v.
3331 4479 3422 4536 66.

2263 4558 2319 4631 f)
2358 4559 2528 4616 Mem.
2565 4558 2738 4619 Trev.
2777 4558 2945 4617 Avi-il
3003 4575 3161 4631 1707.
3203 4564 3417 4624 lobert.

2803 4715 3021 4808 obe
