4652 5937
1331 469 1473 551 166
2284 456 2826 533 CLODIVS

1333 658 1423 716 At
1470 648 1645 712 enim
1675 646 1750 709 id
1782 645 1993 730 ipsum
2043 663 2284 707 nomen
2318 643 2566 727 legitur
2612 642 2824 705 adhuc

1333 758 1403 816 in
1444 751 1661 816 numis
1694 747 1918 812 Albini
1963 747 2280 832 Augusti,
2340 764 2556 830 neque
2601 742 2827 805 verisi-

1333 854 1532 929 mile,
1597 850 1906 911 Albiuum
1959 869 2038 911 eo
2089 862 2425 932 tempore,
2504 865 2635 930 quo
2704 843 2823 907 ho·

1342 969 1510 1017 stem
1590 973 1661 1033 se
1716 951 1948 1015 Severi
2009 950 2345 1033 professus
2411 962 2547 1024 est,
2637 966 2824 1009 usum

1332 1057 1539 1119 fuisse
1571 1054 1860 1128 nomine,
1905 1053 2081 1137 quod
2113 1073 2234 1135 per
2257 1050 2686 1134 ¹adoptionem
2720 1068 2823 1110 ac-

1335 1157 1662 1221 cessisset.
1706 1154 1964 1217 Certius
1997 1154 2198 1236 igitur
2218 1153 2393 1215 istud
2420 1170 2664 1216 nomen
2682 1149 2825 1211 fue-

1331 1262 1420 1320 rit
1455 1258 1645 1321 unius
1682 1276 1764 1318 ex
1799 1255 2189 1337 majoribus,
2247 1255 2427 1342 quod
2462 1253 2588 1317 sibi
2634 1269 2822 1315 more

1274 1427 1283 1437 ,
1333 1360 1477 1441 ejus
1511 1359 1739 1424 aetatis
1773 1358 2140 1424 adsciverit.
2197 1443 2204 1446 Δ
2361 1347 2364 1352 ’

2926 455 3470 532 ALBINVS.

3051 645 3356 724 Pontifex
3396 644 3719 705 maximus
3739 684 3756 718 ,
3811 643 4028 702 Pater
4057 643 4327 719 patriae.

3069 844 3258 937 Quae
3306 844 3386 909 ad
3421 845 3645 908 titulos
3682 845 3803 908 hos
3844 842 4246 928 pertinent,
4288 862 4423 926 quos

2937 947 3179 1010 Albin.-
3249 947 3430 1009 numi
3487 948 3736 1033 aliquot
3809 945 4023 1008 valde
4093 941 4276 1005 dubii
4336 942 4428 1005 tri-

2936 1048 3163 1124 buunt,
3208 1049 3400 1129 vide,
3447 1070 3613 1136 quae
3652 1048 3875 1133 paullo
3919 1066 4141 1130 supra
4178 1042 4426 1106 animad-

2936 1149 3281 1216 vertimus.

2615 1641 2827 1703 1³12ss
2845 1640 2953 1701 TI
2973 1639 3132 1699 VM.

1729 1840 2069 1902 commatis
2110 1839 2389 1900 Romam·
2403 1856 2429 1897 .·
3108 1878 3155 1892 ...

1919 1938 2128 2001 Aurei
2254 1981 2272 1999 .
2366 1981 2384 2000 .
2470 1977 2490 1997 .
2578 1980 2600 2002 .
2684 1981 2707 2000 .
2792 1981 2815 2001 .
2900 1978 2919 1999 .
3005 1977 3024 1998 .
3111 1978 3131 1996 .
3214 1947 3666 2016 ......
3752 1937 3936 1999 RRR

1919 2039 2239 2123 Argentei
2323 2056 2333 2062 “
2372 2083 2390 2100 .
2477 2081 2495 2099 .
2583 2082 2603 2101 .
2692 2079 2711 2098 .
2796 2081 2814 2100 .
2904 2078 2921 2098 .
3011 2081 3030 2102 .
3117 2078 3138 2103 .
3223 2078 3242 2114 ο,
3329 2082 3347 2100 .
3433 2082 3452 2102 .
3539 2080 3558 2098 .
3649 2078 3667 2095 .
3751 2039 3836 2099 Β.
3948 2023 3953 2028 ’

1918 2141 2129 2204 Aenei
2164 2142 2214 2204 1.
2265 2154 2333 2202 et
2368 2142 2449 2201 H.
2501 2140 2752 2203 formae
2796 2178 3663 2204 .........
3748 2140 3828 2200 R.

1913 2241 2124 2305 Aenei
2154 2243 2262 2303 111.
2298 2242 2555 2304 formae
2682 2279 3660 2307 ..........
3750 2238 3832 2300 0.

1919 2343 2132 2404 Aenei
2173 2364 2344 2405 max.
2387 2342 2641 2404 formae
2699 2381 3719 2407 ............
3745 2340 4021 2402 RRRR.

1718 2442 2069 2510 commati-f
2089 2447 2422 2523 pereyrim'
2439 2466 2462 2503 .·

1915 2543 2195 2611 Vrbium
2237 2545 2597 2606 liberarum
2678 2590 2701 2610 .
2788 2590 2807 2609 .
2894 2588 2911 2606 .
3001 2591 3018 2611 .
3108 2585 3125 2605 .
3215 2587 3233 2607 .
3327 2588 3346 2608 .
3429 2573 3448 2606 .’
3536 2585 3554 2603 .
3642 2585 3662 2606 .
3747 2543 3950 2603 RRR.

1915 2644 2375 2722 Alexandrini,
2422 2659 2488 2708 et
2534 2647 2926 2710 Antiocheni
2999 2663 3051 2709 .‘
3103 2692 3123 2711 .
3211 2691 3230 2708 .
3321 2692 3338 2710 .
3430 2673 3473 2709 ι’
3536 2685 3554 2704 .
3640 2687 3657 2705 .
3744 2644 3826 2706 Ο.

1910 2747 2335 2811 Coloniarum
2462 2789 3654 2814 ............
3744 2743 3830 2807 Ο.

2135 3116 2144 3136 .
2191 3033 2267 3092 L.
2356 3031 2955 3094 SEPTJMIVS
3005 3031 3544 3095 SEVERVS.

1437 3228 1641 3290 Natus
1704 3224 1773 3286 in
1832 3224 2059 3290 Africa
2121 3222 2295 3309 apud
2346 3223 2588 3308 Leptin
2660 3226 2802 3311 agri

1312 3326 1705 3411 Tripolitani
1768 3341 1954 3411 patre
2026 3328 2228 3402 Geta,
2310 3339 2515 3389 matre
2567 3328 2799 3391 Fulvia
2852 3362 2859 3367 ,

1309 3423 1587 3494 Pia‘die
1616 3430 1726 3490 XI.
1782 3429 2027 3511 Aprilis
2075 3431 2156 3496 V·
2209 3429 2278 3491 C.
2329 3430 2453 3512 899
2486 3430 2566 3512 ⁸).
2624 3432 2800 3494 Lati-

1307 3553 1424 3621 nas
1456 3529 1872 3615 Graccusque
1915 3531 2138 3592 literas
2179 3550 2349 3613 puer
2386 3528 2654 3592 adsidue
2692 3551 2800 3594 co-

1308 3634 1470 3707 luit,
1529 3631 1742 3716 iisque
1777 3630 1902 3692 fuit
1954 3629 2459 3694 eruditissimus.
2522 3635 2799 3693 Romam

1307 3733 1647 3819 profectus
1735 3731 1958 3815 coepit
2029 3729 2210 3793 adire
2297 3731 2835 3814 rempublicam„

1305 3835 1559 3918 fuitque
1595 3832 1724 3915 jam
1754 3852 1926 3893 anno
1958 3833 2187 3894 aetatis
2218 3833 2485 3894 xxxu.
2529 3846 2796 3915 praetor

1306 3935 1681 4018 designatus
1713 3952 2113 4015 magnopere
2140 3932 2281 4013 ejus
2319 3933 2593 3997 consilia
2618 3933 2796 4015 adju-

1312 4048 1498 4117 vante
1547 4034 1867 4117 Septimio
1934 4035 2184 4096 Severo
2248 4032 2463 4097 adfine
2510 4054 2629 4097 suo
2690 4035 2794 4098 bis

1311 4135 1640 4200 consulari
1671 4132 1754 4213 ¹²).
1848 4136 2035 4198 Inter
2087 4137 2228 4218 ejus
2278 4135 2561 4219 majores
2618 4135 2794 4199 haud

1310 4238 1507 4301 dubie
1552 4238 1748 4300 etiam
1799 4237 2239 4299 numerandus
2281 4237 2636 4320 Septimius
2678 4238 2795 4300 Se·

1305 4362 1538 4414 verus,
1597 4338 1679 4401 ad
1714 4358 1910 4422 quem
1947 4338 2187 4400 Statius
2222 4338 2493 4422 elegans
2530 4360 2789 4401 carmen

1308 4439 1602 4523 scripsit,
1648 4451 1716 4499 et
1746 4459 1938 4521 quem
1973 4439 2029 4501 is
2060 4438 2154 4500 ibi
2206 4459 2289 4503 ex
2336 4439 2565 4504 eadem
2602 4442 2796 4524 Lepti

2919 3228 3269 3293 oriundum
3298 3224 3510 3289 refert
3540 3227 3601 3305 0)
3624 3267 3641 3299 ,
3686 3221 4218 3307 conspirantibus
4242 3216 4392 3284 adeo

2913 3331 3319 3406 nominibus,
3366 3342 3431 3391 et
3448 3325 3678 3411 patria.
3722 3326 4152 3408 Praepositus
4171 3319 4386 3385 deinde

2913 3432 3164 3517 legioni
3219 3433 3330 3500 IV.
3391 3426 3738 3510 Scythicae
3789 3426 3966 3491 circa
4004 3423 4387 3493 Massiliam,

2912 3545 3141 3616 postea
3169 3530 3680 3617 Lugdunensem
3716 3527 3995 3590 Galliam
4042 3546 4273 3610 magna
4300 3540 4385 3583 se·

2913 3633 3207 3696 veritatis
3257 3647 3326 3695 et
3361 3629 3790 3695 abstinentiae
3833 3625 4385 3691 commendatione

2913 3736 3110 3798 rexit.
3201 3733 3568 3795 Pannonias
3626 3745 3929 3814 quoque,
3990 3745 4058 3792 et
4109 3727 4377 3794 Siciliam

2911 3836 3307 3918 proconsule
3338 3832 3836 3898 administravit.
3883 3835 3965 3900 V.
3995 3834 4075 3895 C.
4100 3832 4225 3914 938
4246 3846 4380 3891 eon·

2909 3938 3010 3998 sul
3056 3935 3370 3999 suffectus
3421 3936 3548 3997 fuit
3594 3934 3768 3997 inter
3830 3953 3945 3996 eos
3991 3934 4275 4017 quinque
4319 3938 4375 3986 et
4416 3942 4419 3943 ’

2906 4038 3171 4122 viginti,
3231 4058 3395 4121 quos
3434 4037 3563 4100 hoc
3624 4057 3793 4101 anno
3843 4033 3928 4098 ad
3987 4032 4373 4097 consulatum

2904 4139 3236 4222 promovit
3296 4135 3693 4202 Commodus
3725 4136 3811 4218 d).
3906 4136 4146 4198 Postea
4205 4144 4373 4215 prae·

2905 4239 3118 4301 fectus
3179 4239 3500 4302 exercitui
3546 4236 3924 4302 Pannonico
3980 4249 4048 4298 et
4102 4232 4366 4316 Illyrico,

2908 4360 3101 4403 caeso
3158 4340 3557 4416 Commodo,
3619 4353 3688 4402 et
3733 4338 4079 4402 Pertinace
4146 4335 4226 4399 ad
4266 4332 4367 4392 im·

2907 4441 3165 4525 perium
3205 4456 3476 4518 evecto,
3539 4440 3608 4503 in
3661 4440 3855 4523 hujus
3899 4438 4030 4502 fide
4086 4448 4364 4503 constans

3984 4591 4357 4619 .——---⁶'

1378 4705 1438 4773 a)
1476 4699 1590 4759 Dio
1620 4700 1689 4760 L.
1722 4698 1988 4764 Lxxvl.
2033 4705 2080 4776 ς.
2114 4717 2203 4769 17.
2313 4705 2384 4776 b)
2423 4705 2713 4782 spartian.
2829 4707 2888 4779 c)
2930 4704 3142 4769 Silvar.
3177 4707 3241 4764 L.
3278 4705 3379 4770 lv.
3417 4726 3594 4767 carm.
3620 4705 3697 4772 V.
3808 4705 3878 4780 d)
3920 4703 4215 4782 spartian.
4250 4701 4355 4761 cul-
