4652 5937
1718 435 2067 537 ears

454 632 621 698 Inde
674 653 711 697 a
762 625 1095 697 fratribus]
1123 621 1457 688 Thebanis
1491 642 1625 686 non
1668 618 1835 684 vidit

296 739 521 803 orbis
557 734 865 807 atrociuS,
907 726 1360 810 funestiusque
1397 724 1668 787 fratrum
1709 724 1836 787 dis·

301 840 601 902 sidium.
689 837 1099 899 Alterutrum
1140 827 1362 897 fratris
1417 826 1640 912 gladio
1685 845 1835 908 per·

302 938 741 1025 emptumiri
771 935 1031 1021 pridem
1058 931 1183 994 fuit
1201 931 1570 1019 praevisum
1603 940 1832 1012 aperto

298 1042 644 1124 utrinque
693 1037 889 1110 odio,
950 1048 1018 1096 et
1063 1032 1426 1095 manifestis
1459 1030 1829 1094 Caracallae

303 1143 609 1206 insidiis.
671 1143 922 1202 Tamen
960 1135 1205 1196 malum
1245 1131 1457 1207 istud,
1519 1152 1665 1194 eum
1700 1130 1831 1213 jam

308 1240 756 1306 averruncet-i
809 1236 1151 1320 nequiret,
1200 1232 1574 1300 Caracallae
1610 1232 1830 1314 potius

310 1344 581 1430 capiti,
623 1364 816 1427 quam
861 1341 1067 1402 Getae
1118 1333 1651 1429 imprecabantur
1697 1350 1834 1393 om-

314 1466 475 1510 nes.
520 1445 718 1506 Illius·
749 1440 1046 1515 ferocia,
1076 1454 1163 1502 ‘et
1203 1440 1455 1501 animus
1500 1435 1832 1517 impotens

318 1527 595 1631 pridem
658 1544 1000 1628 cognitus,
1065 1553 1130 1605 at
1186 1539 1351 1602 Geta
1411 1550 1577 1600 teste
1618 1539 1836 1597 Hero-

321 1648 532 1710 diano
565 1647 624 1730 ⁸)
695 1642 1039 1729 probitatis
1090 1659 1249 1724 prae
1311 1658 1383 1700 se
1447 1636 1831 1722 opinionem

318 1746 625 1822 ferebat,
670 1745 1178 1831 moderatusque
1216 1752 1394 1815 erat,
1455 1753 1524 1800 et
1559 1737 1746 1807 lenis
1762 1735 1830 1797 iu

322 1846 837 1943 congressibus,
899 1859 967 1908 et
1019 1840 1347 1906 clarorum
1396 1840 1690 1905 viretum
1726 1855 1831 1902 so·

324 1952 610 2025 nietate,
654 1962 720 2011 et
758 1945 1059 2031 ingenuis
1098 1940 1678 2006 exercitationibus
1720 1961 1830 2024 ap·

322 2052 550 2136 prime
584 2049 986 2131 delectatus,
1044 2067 1410 2131 quanquam
1449 2042 1827 2126 Spartianus

324 2171 606 2235 asperos
634 2150 789 2212 huie
822 2167 1083 2233 quoque
1127 2165 1385 2220 mores,
1444 2165 1577 2206 non
1612 2157 1830 2206 tamen

325 2253 575 2335 impios
607 2250 870 2332 objiciat
901 2246 988 2328 l³).
1033 2248 1244 2343 Quam
1285 2245 1353 2307 in
1384 2245 1527 2329 ejus
1566 2262 1827 2331 quoque

330 2354 509 2418 eaesi
543 2353 824 2427 amieos,
870 2364 939 2414 et
976 2369 1237 2414 omnem
1277 2348 1488 2410 aulam
1521 2344 1830 2408 saevierit

330 2455 670 2519 Caracalla
694 2498 711 2529 ,
756 2454 902 2536 ipso
938 2451 1128 2514 etiam
1154 2495 1171 2527 ,
1219 2448 1549 2533 corruptis
1578 2446 1830 2531 ingenti

329 2554 613 2642 pecunia
652 2546 1116 2638 praetorianis,
1160 2552 1350 2614 hoste
1394 2548 1714 2632 judicato,
1762 2549 1827 2611 in

337 2657 781 2743 ejus.moneta
830 2667 1284 2718 memoratum.
1369 2655 1458 2715 Et
1494 2672 1655 2716 vero
1715 2650 1834 2712 im-

331 2758 662 2845 placabile
701 2756 921 2820 odium
945 2800 962 2832 ,
988 2753 1187 2839 ‘quod
1224 2752 1426 2837 sopiri
1475 2754 1674 2837 vulgo
1706 2771 1832 2836 per

335 2874 618 2924 mortem
654 2859 851 2921 etiam
899 2857 1098 2920 alieni
1131 2857 1340 2932 solet,
1398 2857 1463 2949 52¹¹
1505 2857 1710 2918 fratre
1737 2867 1832 2916 ta-

335 2983 494 3027 men
526 2960 820 3037 duravit‚
869 2960 962 3023 sie
1006 2973 1075 3020 ut
1114 2971 1328 3021 morte
1372 2959 1828 3034 multarentur,

335 3065 451 3150 qui
485 3066 692 3128 Getae
740 3080 985 3124 nomen
1036 3061 1143 3124 vel
1204 3058 1655 3177 scripsissent,
1718 3059 1830 3123 vel

335 3165 905 3250 pronunciassent,
949 3161 1113 3225 adeo
1149 3175 1222 3224 ut
1252 3173 1486 3246 poetae
1518 3161 1642 3245 ipsi
1670 3173 1828 3224 note

334 3269 465 3331 boe
494 3267 908 3329 servulorum
943 3264 1207 3326 nomine
1226 3264 1535 3346 deinceps
1571 3262 1664 3324 uti
1696 3282 1829 3336 non
1865 3287 1870 3294 ·

336 3349 674 3434 auderent.
780 3364 1225 3429 succensebat
1282 3366 1478 3427 etiam
1535 3363 1705 3426 saxis
1760 3364 1829 3425 in

341 3470 481 3551 ejus
532 3467 822 3551 effigiem
859 3467 1160 3552 scalptis,
1222 3479 1289 3529 et
1325 3480 1651 3528 monetam
1687 3463 1831 3547 ejus

340 3572 622 3654 imagine
649 3571 966 3653 signatam
999 3567 1307 3633 conflarit
1338 3570 1417 3649 c).
1483 3571 1567 3630 At
1600 3570 1828 3654 inanes

339 3670 525 3734 fuere
564 3671 632 3733 hi
668 3684 971 3746 conatus,
1025 3691 1170 3732 nam
1208 3684 1275 3733 et
1324 3670 1575 3754 copiosi
1621 3668 1827 3732 Getae
1869 3668 1872 3671 ’

327 3773 518 3835 0numi
558 3772 635 3834 in
672 3786 987 3865 nostram¹
1011 3770 1332 3835 duravere
1376 3784 1655 3833 aetatem
1682 3815 1699 3845 ,
1742 3782 1831 3832 ‘et

344 3885 725 3959 supererant
762 3873 1106 3936 simulacra
1138 3871 1384 3947 fratris,
1429 3872 1664 3957 quibus
1680 3892 1833 3935 con-

345 3978 615 4062 spectis,
676 3975 732 4036 si
781 3975 1120 4057 Spartiano
1158 3972 1323 4036 fides
1356 3970 1456 4056 d),
1518 3974 1587 4037 in
1640 3974 1832 4038 lacri-

345 4099 476 4140 mas
513 4076 912 4140 solvebatur.
1000 4078 1149 4137 Non
1196 4086 1414 4138 tamen
1455 4074 1633 4139 istud
1673 4095 1828 4160 poe-

345 4179 610 4242 nitentia
653 4177 834 4241 necis
880 4175 1242 4253 fraternae,
1302 4176 1425 4240 sed
1451 4178 1629 4263 quod
1675 4197 1830 4242 reae

345 4279 797 4348 conscientiae,
833 4277 1023 4343 furiis
1064 4294 1478 4365 quateretur,
1536 4293 1610 4352 ut
1644 4278 1834 4342 ,dixe-

886 4447 901 4476 Ξ

1995 314 2002 345 l

3295 471 3438 538 233

1949 645 2089 689 ram
2153 625 2220 688 in
2281 634 2545 691 moneta
2601 629 2684 692 ad
2753 650 2987 693 annum
3036 630 3121 703 V.
3180 633 3251 698 C.
3296 634 3446 720 967.

1949 729 2228 805 Erasum
2270 728 2411 811 ejus
2444 752 2686 795 nomen
2725 753 2807 795 ex
2855 735 3295 800 monumentis
3335 760 3459 823 pu·-

1948 828 2143 910 blicis
2212 830 2479 915 copiosa
2542 845 2864 896 testantur
2931 857 3291 915 marmora,
3373 861 3451 906 ae

1948 930 2320 1014 praecipue,
2344 954 2534 1012 arcus
2568 935 2801 1021 Sereri
2839 936 3168 1023 hodieque
3198 924 3450 1017 Romae

1947 1046 2323 1113 superstes,
2388 1049 2460 1098 ut
2514 1036 2943 1129 animadverti
2990 1039 3058 1100 in
3114 1043 3449 1108 Caracalla

1910 1130 2031 1193 -ad
2079 1136 2158 1204 V.
2212 1137 2287 1199 C.
2319 1138 2467 1220 957.
2557 1142 2806 1202 Tamen
2845 1139 2987 1221 ejus
3028 1141 3225 1219 sunus
3266 1166 3457 1233 cura«

1934 1232 2108 1317 tius,
2152 1256 2345 1320 quam
2367 1260 2496 1322 pro
2529 1240 2856 1323 patricida
2897 1242 3168 1318 ext-ulit,
3223 1244 3454 1309 condi-

1949 1336 2176 1419 ditque
2253 1338 2319 1402 iu
2385 1340 2487 1405 via
2543 1342 2757 1425 Appia
2820 1343 2890 1405 iu
2966 1332 3276 1428 sepulcro
3337 1344 3452 1407 S‘e-

1942 1455 2098 1503 ἵεν»
2125 1452 2151 1480 ⁰
2622 1494 2629 1501 .

2072 1439 2268 1610 Ῡιξοι*
2301 1538 2485 1605 nulla
2523 1562 2560 1605 a
2589 1542 2926 1629 veteribus
2959 1545 3290 1630 proditur

2541 1747 2845 1831 Numi:

2071 1944 2295 2031 Hujus
2337 1945 2489 2027 anni
2523 1968 2761 2012 numos
2798 1950 2868 2012 iu
2901 1950 3088 2037 nullo
3136 1951 3450 2039 catalogo

1944 2050 2247 2132 reperi0,
2317 2050 2375 2112 si
2406 2050 2823 2133 Mediobarbi
2861 2051 3142 2116 indicem
3192 2056 3452 2139 demas,

1944 2163 2138 2233 atque
2185 2170 2264 2212 ex
2313 2150 2425 2234 his·
2462 2150 2752 2233 primus,
2791 2152 3168 2236 insetiptus
3207 2156 3447 2245 LIBE-

1942 2239 2791 2335 RAL1··1A8.AVG.V1.,
2867 2253 3009 2314 sine
3074 2254 3276 2321 dubio
3345 2273 3448 2321 est

1944 2352 2481 2433 anniV.C.961,
2527 2366 2603 2414 ut.
2636 2352 2940 2428 vidimus,
2987 2368 3052 2415 et
3083 2357 3443 2423 notandum

1941 2467 2319 2535 praeterea,
2368 2477 2402 2516 a
2435 2454 3053 2545 Mediobarbohuic
3083 2451 3288 2521 numo
3328 2461 3440 2531 an·

1946 2557 2177 2631 ticam,
2225 2578 2417 2641 quam
2454 2556 2683 2632 libuit,
2729 2554 2994 2640 adtingi.
3059 2559 3229 2618 Eum
3267 2558 3440 2620 enim

1948 2658 2102 2719 citat
2145 2675 2226 2718 ex
2250 2656 2624 2732 VaillantiO,
2669 2657 2782 2742 qui
2817 2656 3267 2720 describendis
3301 2661 3458 2743 par·

1946 2758 2119 2820 tibus
2143 2757 2372 2819 anticis
2401 2757 2689 2819 fideliter
2722 2757 3023 2820 abstinet.
3071 2756 3260 2822 Alter
3293 2781 3445 2824 cum

1924 2842 2348 2943 ‘epigraphez
2392 2859 2636 2927 mvo.
2676 2861 2998 2924 ee'rAE.
3040 2859 3213 2923 Plo.
3261 2872 3445 2925 certe

1947 2960 2265 3025 confictus
2299 2976 2431 3037 est3
2477 2984 2625 3024 nam
2657 2960 2871 3024 adhuc
2903 2961 3042 3043 ejus
3079 2965 3452 3027 consecrati

1944 3083 2181 3124 numos
2239 3064 2541 3147 reperire
2606 3085 2736 3124 non
2799 3062 3004 3127 licuit.
3125 3066 3452 3149 Suspecta

1945 3164 2103 3226 item
2153 3164 2419 3229 videtur
2463 3165 2661 3227 lectio
2712 3163 3030 3226 aliorum:
3089 3164 3444 3228 PONTIF.

1947 3267 2085 3326 ΤΒ.
2130 3266 2205 3327 P.
2254 3267 2396 3327 1111.
2473 3260 3020 3329 COS.11.'DES.
3065 3268 3177 3329 111.
3211 3259 3313 3328 ‘P.
3368 3266 3454 3329 P.J
3556 3333 3566 3341 ·

1943 3364 2275 3427 Nondum-
2307 3364 2935 3458 observavihnumos
2972 3366 3179 3428 Getae
3216 3367 3370 3429 inde
3407 3391 3453 3430 a*

1942 3465 2146 3549 patris
2182 3480 2397 3550 morte
2445 3487 2794 3549 percussos
2839 3486 2986 3527 cum
3038 3487 3200 3528 voce
3232 3467 3450 3531 PON-

1946 3568 2115 3630 TIF.
2142 3610 2160 3642 ,
2217 3567 2343 3628 etsi
2376 3588 2454 3630 ea
2486 3553 2676 3629 obvia
2707 3567 2798 3628 sit,
2836 3567 2904 3628 in
2947 3567 3163 3648 numqis
3196 3567 3315 3630 illo
3353 3568 3448 3631 vi-

1940 3681 2137 3730 vente
2169 3659 2459 3752 signatis.
2521 3669 2804 3737 Videtur
2831 3668 3018 3744 Geta,
3066 3690 3213 3732 eum
3239 3688 3449 3750 usque

1947 3766 2145 3831 modo
2174 3770 2410 3834 unicus
2455 3783 2704 3834 tantum
2743 3768 2947 3832 fuerit
2980 3768 3278 3852 pontifex
3314 3788 3452 3832 ma-

1945 3872 2157 3932 ximus
2180 3914 2197 3944 ‚
2283 3885 2476 3954 atque
2541 3872 2704 3934 haee
2756 3871 3038 3956 dignitas
3102 3869 3185 3931 ad
3238 3855 3444 3957 unum

1948 3972 2371 4046 caracallam,
2420 3973 2749 4035 seniorem
2787 3993 3024 4054 nempe
3055 3973 3458 4054 Augustum..

1924 4073 2363 4162 pertinuerit,
2408 4071 2869 4156 pontificatum
2895 4073 3284 4165 simplicem,
3331 4070 3446 4167 qui

1947 4176 2127 4238 solus
2159 4174 2419 4237 debitus
2460 4188 2635 4250 erat,
2680 4175 2942 4257 penitus
2975 4172 3446 4252 dissimulasse,

1946 4296 2032 4341 ne
2087 4296 2158 4339 se
2189 4274 2575 4339 inferiorem
2624 4274 2829 4366 fratre
2857 4267 3142 4360 publice,
3175 4271 3452 4364 profite-

416 4632 476 4700 a)
516 4624 579 4685 in
604 4627 810 4686 Carae.
988 4622 1167 4698 .'b)
1149 4648 1215 4687 m
1253 4628 1401 4689 Geta
1441 4649 1491 4689 c.
1528 4636 1581 4690 4.

350 4723 405 4794 e)
443 4716 737 4804 spartian.
778 4715 841 4772 in
880 4715 1029 4775 Get&
1068 4735 1116 4776 c.
1156 4733 1209 4783 7.

562 4808 763 4888 (ναι.
812 4793 994 4889 θη.)

1804 4607 2021 4702 aymo
2055 4624 2122 4686 ι..
2163 4623 2456 4688 Lxxvn.
2498 4613 2668 4700 §.12

2902 4621 2974 4701 d)
3012 4620 3080 4686 in
3118 4622 3268 4687 Geta
3309 4644 3359 4684 c.
3390 4636 3450 4688 7.

2798 4781 3120 4894 ,ρ’ὅ,
