4652 5937
1192 378 1339 463 ³36
1384 356 1395 362 ’

1194 561 1413 629 tabula
1461 557 1926 643 Neapolitana,
1986 575 2177 639 qnam
2226 554 2460 633 eodem
2523 556 2676 620 loco

1188 663 1563 748 proferam,
1624 672 1906 723 exeunte
1952 656 2186 720 eodem
2246 678 2418 720 anno
2473 660 2554 726 V.
2602 660 2675 753 C.

1199 786 1363 828 »ooo
1414 765 1657 826 dicitur
1706 762 2058 843 Augustus.
2144 757 2293 850 Quo
2343 760 2483 842 ejus
2528 760 2680 822 anni

1190 868 1300 929 ‹lie
1335 867 1443 929 hie
1470 865 1571 926 illi
1603 864 1812 925 honos
1854 861 2131 925 collatus
2167 861 2284 934 sit,
2330 861 2680 923 incertum.

1190 968 1480 1031 Exhihet
1537 970 1989 1028 Buonarrotus
2046 983 2351 1053 numum,
2410 962 2479 1023 in
2541 982 2672 1047 quo

1190 1080 1571 1152 comparent
1656 1066 1997 1148 utriusque
2070 1050 2362 1145 Philippi
2441 1065 2671 1145 capita,

1187 1184 1254 1232 et
1299 1169 1491 1231 ambo
1551 1168 1858 1230 laureata.
1963 1168 2025 1226 Is
2074 1184 2209 1247 ¹per
2272 1165 2676 1247 epigraphen

1184 1271 1388 1354 patris
1422 1272 1498 1333 P.
1537 1274 1628 1332 Μ.
1665 1272 1803 1331 ΤΒ.
1840 1271 1915 1331 Ρ.
1964 1270 2072 1328 111.
2106 1265 2299 1330 Cos,
2347 1270 2422 1330 P.
2474 1268 2549 1328 P.
2595 1266 2676 1326 si-

1186 1385 1419 1455 gnatus
1456 1383 1556 1432 est
1588 1391 1754 1431 anno
1793 1372 1871 1435 V.
1918 1369 2166 1450 C..q<)9.
2235 1370 2418 1451 Ergo
2445 1386 2676 1450 seque-

1182 1487 1406 1547 retur,
1461 1470 1838 1554 Philippum
1891 1470 2026 1551 jun.
2074 1480 2348 1550 propter
2409 1468 2672 1530 laureae

1182 1577 1507 1638 honorem
1526 1573 1652 1654 jam
1676 1572 1803 1634 hoc
1824 1569 2574 1651 annosuisseAugustum
2592 1572 2673 1648 ⁸).

1183 1680 1271 1738 At
1301 1674 1528 1739 licebit
1563 1694 1830 1732 numum
1880 1688 2077 1730 numo
2121 1689 2479 1751 opponere.
2545 1672 2675 1730 Re·

1183 1778 1318 1841 fert
1356 1773 1671 1835 Baldinus
1721 1792 1802 1832 ex
1842 1790 2067 1831 museo
2112 1770 2365 1830 Albano
2403 1791 2673 1832 numum

1184 1898 1355 1940 max.
1399 1874 1577 1936 mod.
1606 1916 1624 1944 ‚
1667 1872 1734 1931 in
1783 1891 1913 1952 quo
1949 1870 2291 1951 Philippus
2324 1869 2461 1951 jun.
2515 1871 2676 1934 diei-

1178 1994 1289 2042 mr
1306 1981 1395 2040 m.
1416 1977 1585 2043 Νι..
1613 1958 2402 2035 PH1L1PPVS.N0131L.
2431 1972 2674 2038 CAES.

1187 2094 1256 2142 et
1310 2093 1532 2142 tamen
1584 2093 1734 2137 cum
1793 2074 1919 2134 hoc
1992 2072 2291 2133 Caesaris
2350 2075 2674 2137 vocabulo

1186 2177 1608 2262 conjungitur
1665 2188 1859 2258 caput
1906 2175 2268 2236 laureatum
2315 2171 2413 2256 Β).
2470 2175 2675 2270 Quid-

1187 2280 1346 2365 quid
1393 2278 1477 2341 sit
1525 2279 1607 2339 de
1648 2275 1752 2337 his
1789 2276 2037 2352 numis,
2098 2276 2210 2359 qui
2257 2296 2452 2360 saepe
2501 2279 2676 2340 male

1175 2381 1377 2455 lecti,
1438 2392 1504 2442 et
1553 2379 1725 2440 male
1771 2376 2169 2460 promulgati
2217 2389 2412 2452 sunt,
2467 2379 2675 2460 pluri-

1178 2502 1358 2545 mum
1389 2478 1809 2542 tribuendum
1830 2491 1988 2560 puto
2009 2476 2269 2539 tabulae
2289 2479 2670 2556 Mutinensi,

1177 2602 1344 2668 quae
1394 2580 1770 2663 Philippum
1824 2594 2122 2641 nostrum
2180 2578 2440 2640 nonnisi
2498 2601 2669 2642 anno

1172 2687 1256 2753 V.
1295 2684 1371 2749 C.
1419 2702 1581 2745 iooo
1628 2701 2005 2764 supremam
2048 2680 2429 2763 dignitatem
2474 2681 2669 2765 adep-

1178 2798 1321 2846 tum
1381 2784 1793 2867 pronunciat.
1882 2784 2045 2844 Cum
2113 2780 2214 2841 his
2273 2781 2664 2842 testimoniis

1172 2885 1302 2947 rite
1350 2884 1726 2966 conspirant
1789 2883 1929 2964 ejus
1994 2882 2175 2943 numi
2237 2872 2666 2953 Alexandrini

1175 3007 1325 3050 cum
1377 2986 1455 3046 L.
1499 2983 1592 3057 Δ,
1639 3004 1919 3068 quorum
1955 2983 2082 3045 ‚alii
2116 2982 2493 3064 Philippum
2530 2982 2662 3060 jun.

1172 3087 1410 3150 sistunt
1461 3086 1672 3168 capite
1725 3084 1900 3145 nudo
1951 3096 2016 3144 et
2072 3077 2212 3145 sine
2262 3088 2698 3163 imperatoris

1169 3186 1477 3261 nomine,
1524 3187 1636 3247 alii
1664 3187 1951 3249 lauream
1991 3183 2272 3258 addunt,
2318 3197 2386 3245 et
2415 3183 2662 3245 dictum.

1169 3291 1456 3355 titulum.
1527 3286 1760 3370 Coepit
1810 3307 2013 3348 annus
2046 3286 2156 3354 lv.
2212 3301 2493 3349 exeunte
2534 3286 2664 3348 Au-

1136 3403 1366 3475 .gusto
1411 3390 1496 3456 V.
1530 3390 1604 3451 C.
1644 3408 1769 3474 999
1814 3387 2109 3450 exiturus
2142 3388 2379 3450 eodem
2413 3403 2663 3470 tempo·

1169 3513 1249 3556 re
1287 3493 1369 3560 V.
1406 3492 1478 3555 C.
1535 3510 1726 3566 iooo,
1788 3511 1952 3574 ergo
1997 3490 2168 3553 intra
2217 3489 2287 3552 id
2343 3490 2663 3573 temporis

1172 3592 1384 3657 dietus
1417 3607 1518 3656 est
1549 3593 1904 3674 Augustus.

1091 3871 1104 3888 κ
1171 3793 1371 3856 dehet
1428 3794 1742 3875 judicium
1801 3794 2290 3875 provinciarum
2351 3796 2664 3857 remotio·

1060 3897 1071 3904 “
1165 3916 1336 3957 rum.
1420 3896 1649 3957 Exstat
1681 3895 1749 3955 in
1799 3915 2026 3958 museo
2064 3895 2387 3959 Caesareo
2426 3916 2660 3970 numus

1171 3996 1475 4070 coloniae
1510 3996 1825 4080 Sinopes,
1866 3996 1933 4058 in
1964 4017 2094 4080 quo
2115 3994 2522 4081 'epigr-aphet
2569 4000 2660 4058 M.

1164 4100 1335 4167 1V1..
1370 4099 1858 4167 PHILIPva.
1903 4099 2144 4162 GAES.
2175 4143 2196 4174 ,
2240 4097 2512 4182 ejusque
2559 4118 2661 4160 ca·

1164 4212 1284 4282 put
1323 4199 1568 4263 nudum
1592 4244 1610 4275 ,
1657 4213 1725 4263 et
1770 4221 1973 4264 annus
2013 4200 2367 4276 CCCXIX,
2409 4199 2523 4284 qui
2565 4199 2665 4262 in·

1168 4300 1328 4383 cipit
1344 4300 1411 4362 in
1430 4314 1739 4364 autumno
1756 4304 1847 4370 V.
1863 4302 1932 4363 C.
1977 4319 2135 4365 moa
2148 4337 2191 4377 ,-
2216 4322 2350 4388 qno
2361 4302 2506 4384 ipso
2550 4322 2659 4364 an-

1164 4401 1238 4462 ni
1291 4414 1590 4483 tempore
1645 4414 1897 4465 constat
1936 4401 2357 4472 interfectum
2405 4401 2682 4485 Philip.

2333 370 2972 446 PHILIPPVS
3042 373 3137 447 11.

2790 579 2947 640 pum
2991 555 3354 640 juniorem,
3401 558 3512 643 qui
3565 571 3810 620 tamen.
3846 559 3982 641 jam
4063 562 4428 644 pridem

2789 658 2915 720 suit
2955 659 3307 742 Augustus.
3375 664 3448 722 In
3494 660 3623 722 alio
3668 683 3865 724 numo
3906 664 4432 745 provinciae

2793 760 3036 822 Daciae
3088 759 3380 842 ejusdem
3439 762 3650 824 musei
3697 762 3925 825 eadem
3982 779 4139 825 est
4214 785 4418 848 pars

2794 860 3106 938 adversa,
3164 884 3329 947 quae
3373 864 3438 925 in
3493 864 3880 946 Sinopensi,
3926 879 4000 926 et
4082 867 4415 929 ANnus

2790 963 2910 1039 11.‚
2955 963 3068 1046 qui
3096 963 3454 1047 respondet
3485 987 3654 1027 anno
3694 967 3775 1027 V.
3815 967 3887 1029 C.
3931 985 4077 1027 too
4102 988 4174 1041 ι,
4230 985 4402 1049 quo

2788 1079 2928 1127 toto
2979 1086 3144 1127 anno
3200 1067 3546 1150 Philippus
3607 1066 3718 1128 hie
3781 1067 4040 1151 absque
4125 1066 4392 1128 dubio

2789 1167 3123 1250 Augustus
3165 1165 3292 1247 jam
3343 1167 3506 1243 suit,
3552 1181 3634 1246 ‚ut
3684 1168 4150 1229 monumenta
4214 1188 4391 1229 om·

2790 1266 2895 1328 nia
2949 1267 3214 1329 adfatim
3256 1268 3517 1332 (locent.
3606 1269 3850 1331 Contra
3900 1270 4114 1329 numi
4184 1268 4380 1331 Ale·

2790 1367 3089 1429 xandrini
3126 1370 3544 1453 Philippum,
3607 1390 3754 1431 cum
3792 1371 4040 1432 Caesar
4091 1370 4373 1433 adhuc

2791 1485 3002 1542 esset,
3051 1468 3276 1532 dicunt
3309 1474 3712 1552 Augustum,
3759 1470 4004 1552 scripto
4049 1492 4362 1555 nempe

2789 1575 2881 1634 M.
2917 1568 3097 1633 IOT.
3143 1564 3649 1633 ‹l›1A111110(2.
3695 1569 3777 1628 Κ.
3815 1568 4042 1647 ΟΕΒ.,
4110 1594 4355 1654 qnam

2789 1671 3628 1757 eandem2perversitatem
3691 1672 3886 1733 etiam
3947 1671 4187 1736 habes
4265 1675 4345 1735 in

2786 1773 3002 1835 numis
3048 1772 3382 1846 Salonini,
3429 1771 3612 1854 cujus
3658 1794 3811 1835 sane
3863 1772 4166 1857 difficile
4225 1790 4345 1838 est

2787 1874 3108 1935 rationem
3159 1871 3479 1948 reddere,
3524 1874 3780 1955 quando
3828 1875 3950 1938 hac
3997 1876 4150 1957 jam
4212 1898 4338 1940 ae-

2789 1987 2920 2038 tate
2963 1996 3095 2037 non
3143 1972 3342 2034 modo
3399 1987 3620 2037 vetera
3663 1975 3995 2053 instituta,
4045 1977 4190 2040 sed
4254 1992 4332 2041 et

2786 2098 2984 2142 verae
3022 2075 3257 2138 summi
3280 2074 3551 2138 honoris
3587 2075 4101 2161 significationes
4149 2100 4330 2164 pes-

2790 2200 2929 2241 sum
2961 2197 3166 2242 ivere.

3186 2402 3490 2479 Pontifex
3523 2404 3869 2462 marineus.

2909 2579 3294 2646 Pontificem
3325 2581 3526 2644 fuisse
3556 2583 3932 2668 Philippum
3953 2601 4303 2666 nostrum,

2783 2704 2973 2768 quam
3014 2683 3124 2744 ‹liu
3176 2686 3414 2747 Caesar
3464 2699 3638 2760 erat,
3683 2700 3811 2747 tam
3857 2688 4162 2773 analogia
4201 2690 4292 2753 ab

2783 2784 3082 2847 omnibus
3099 2782 3413 2847 hactenus
3433 2788 3816 2867 Caesaribus
3835 2788 4058 2871 petita,
4076 2810 4292 2872 quam

2779 2886 2964 2948 numi
3007 2906 3156 2948 cum
3217 2899 3372 2970 typo
3432 2887 4016 2951 instrumentorum
4059 2892 4286 2972 ponti·

2779 2983 3065 3048 ficalium
3117 2989 3273 3050 satis
3312 2988 3662 3053 declarant.
3739 2993 3987 3059 Verum
4025 3013 4107 3054 ex
4137 3012 4284 3077 quo

2780 3084 2993 3150 dictus
3030 3100 3131 3150 est:
3183 3089 3558 3172 Augustus,
3604 3112 3754 3153 eum
3795 3092 3977 3168 numi
4012 3092 4278 3177 pontifi·

2779 3208 2924 3251 cem
2985 3189 3338 3252 maximnm
3395 3192 3671 3274 perinde
3732 3213 3807 3256 ac
3863 3181 4280 3279 patrem'ap·

2774 3289 3045 3374 pellant.
3095 3289 3292 3384 Quod
3339 3290 3396 3351 si
3434 3293 3579 3375 quis
3614 3294 3777 3357 meis
3823 3314 3929 3356 me
3961 3296 4121 3359 velit
4170 3318 4277 3360 ar·

2776 3394 3104 3477 gumentis
3141 3392 3498 3477 stringere,
3541 3395 3850 3457 nimirum
3886 3396 4273 3481 Philippum

2772 3490 2985 3556 filium
3039 3493 3170 3556 dici
3219 3493 3284 3555 in
3334 3495 3550 3557 nnmis
3609 3498 3684 3558 P.
3728 3489 3854 3572 M„
3909 3519 4042 3561 non
4088 3499 4272 3583 quod

2667 3627 2671 3632 ·
2770 3593 2882 3658 hic
2937 3614 3173 3658 revera
3231 3609 3439 3673 esset,
3516 3598 3633 3658 sed
3708 3597 4011 3682 quoniam
4071 3598 4269 3680 hujus

1298 3694 1613 3777 Omnium
1643 3692 1909 3754 minime
1944 3691 2013 3753 in
2052 3692 2176 3755 hac
2213 3710 2404 3755 eausa
2439 3694 2660 3758 valere
2710 3697 2715 3706 '

2772 3695 2985 3756 numis
3037 3710 3256 3779 partes
3317 3717 3584 3759 aversae
3640 3697 3721 3759 ad
3764 3714 4016 3781 patrem
4061 3701 4265 3783 perti-

2771 3809 3004 3859 nentes
3062 3795 3422 3880 applicatae
3482 3797 3714 3874 fuere,
3775 3800 4121 3884 appellabo
4178 3800 4265 3863 ad

2723 3904 2738 3911 ’
2774 3898 3063 3961 tabulam
3136 3895 3468 3962 laudatam.
3558 3901 4078 3984 Neapolitanam.
4127 3925 4128 3930 ¹
4178 3897 4270 3968 At

2774 4001 2943 4063 hanc
3038 4013 3404 4082 suspectam
3490 4013 3683 4063 vocat
3760 4000 4221 4064 Tillemontius
4248 4046 4266 4078 ,

2773 4100 2925 4185 quia
2967 4100 3037 4163 in
3091 4102 3306 4164 numia
3353 4100 3530 4174 aliis,
3593 4100 3789 4162 etiam
3850 4122 4000 4165 cum
4045 4087 4268 4185 Augu-

2773 4214 2910 4264 stus
2937 4201 3067 4284 jam
3101 4215 3309 4278 esset,
3354 4201 3595 4266 dicitur
3631 4201 4021 4284 simpliciter
4055 4200 4267 4265 PON-

2772 4303 2938 4365 TIF.
2972 4303 3056 4382 0).
3103 4297 3238 4367 Sed
3255 4302 3427 4367 enim
3446 4300 3517 4363 hi
3534 4304 3715 4364 numi
3744 4289 4073 4366 Goltziani
4091 4317 4258 4383 sunt,

2770 4417 2839 4467 et
2870 4404 2928 4467 si
2970 4404 3226 4467 laborat
3261 4402 3426 4469 fides
3461 4405 3723 4482 tabulae
3766 4404 4255 4489 Neapolitanae,

3450 4624 3512 4694 c)
3552 4589 3704 4681 Nota
3734 4619 3810 4684 v.
3839 4619 4179 4702 inPhilipp.

1245 4618 1308 4689 a)
1347 4614 1592 4675 osserv.
1621 4615 1711 4676 ist.
1740 4634 1805 4694 p.
1831 4626 1956 4691 289.

2103 4573 2173 4692 io>
2213 4615 2293 4676 aa
2307 4615 2491 4681 vain.
2520 4618 2592 4680 T.
2624 4615 2731 4680 111.
2760 4637 2825 4695 p.
2859 4631 2980 4693 ιρι.
3012 4618 3108 4682 ed.
3134 4585 3302 4681 Rom.
