4652 5937
1118 466 1271 535 252

1111 635 1424 700 habuisse
1462 620 1765 694 ‘honores
1815 626 1885 688 in
1918 626 2160 689 horum
2210 636 2472 687 moneta
2508 623 2625 687 de·

1119 734 1639 802 monstravimus.
1722 729 1872 823 Quo
1919 728 2201 800 sactum,
2247 739 2319 787 ut
2349 723 2620 787 fluctua-

1116 855 1235 903 ret
1282 838 1425 921 ipse
1472 832 1930 915 Lampridius,
1993 842 2209 889 utrum
2272 826 2480 903 Iovis,
2537 848 2619 888 an

1122 939 1298 1004 Solis
1350 933 1758 1000 sacerdotem
1801 930 2053 994 diceret
2103 926 2508 991 Soacmiadis
2543 924 2619 987 fi-

1116 1043 1279 1105 lium
1313 1043 1405 1123 ⁸),
1458 1048 1530 1098 et
1595 1033 1974 1119 Spartianus
2028 1032 2098 1092 in
2145 1029 2385 1094 eodem
2447 1027 2618 1092 anci·

1118 1144 1238 1231 piti
1285 1138 1736 1224 deprehensus
1785 1154 1937 1198 cum
1987 1144 2354 1207 narrasset,
2400 1128 2620 1191 adem-

1116 1261 1299 1331 ptum
1349 1238 1696 1304 Faustinae
1735 1234 1980 1317 juniori
2032 1232 2390 1315 templum,
2441 1228 2622 1313 quod

1120 1349 1184 1409 ei
1232 1345 1504 1406 maritus
1532 1342 1818 1399 ·Marcus
1866 1335 1988 1397 sub
2038 1334 2241 1397 Tauri
2286 1330 2620 1393 radicibus

1121 1447 1545 1514 fundaverat,
1594 1437 1807 1514 addit,
1850 1438 2282 1520 Elagabalum
2318 1446 2619 1495 nostrum

1120 1547 1292 1610 iilud
1327 1548 1487 1619 sibi,
1536 1546 1643 1604 vel
1678 1544 1823 1603 Iovi
1877 1542 2108 1617 Syrio,
2155 1540 2262 1598 vel
2300 1537 2450 1597 Sola·
2487 1535 2621 1609 (in-³

1122 1660 1358 1711 eertum
1387 1649 1556 1707 enim
1592 1648 1666 1705 id
1697 1647 1823 1719 est)
1864 1645 2228 1703 vindicasse
2256 1634 2347 1718 b).

1248 1747 1516 1831 Reliqui
1536 1744 1716 1805 numi
1735 1742 1998 1825 allegati
2019 1742 2487 1824 imperatorem
2507 1755 2621 1797 no·

1122 1863 1330 1914 strum
1364 1847 1548 1910 velut
1583 1849 1889 1906 invictum
1910 1888 1927 1917 ‚
1973 1856 2040 1905 et
2073 1862 2384 1904 summum
2413 1858 2621 1899 sacer·

1120 1958 1330 2014 dotem
1365 1951 1472 2011 dei
1502 1948 1681 2008 Solis
1709 1947 2064 2023 Elaqabali
2096 1952 2507 2024 proponunt,
2552 1949 2623 2001 et

1123 2050 1390 2134 quidem
1461 2052 1843 2129 operantem
1895 2044 2134 2120 sacris,
2202 2042 2318 2104 cui
2364 2040 2621 2102 muneri

1124 2166 1197 2214 ut
1231 2152 1358 2237 rite
1384 2162 1678 2224 vacaret,
1723 2161 1917 2231 atque
1946 2142 2304 2208 secundum
2335 2142 2620 2226 patrium

1118 2250 1511 2324 institutum,
1564 2247 1978 2313 circumcidit
2014 2266 2181 2322 sese,
2228 2258 2294 2308 et
2315 2244 2620 2307 carnibus

1118 2349 1335 2418 suillis
1368 2351 1677 2415 abstinuit
1709 2350 1791 2430 ⁰).
1851 2349 2161 2413 Offerunt
2198 2346 2268 2407 hi
2299 2346 2479 2407 numi
2512 2346 2623 2406 ha·

1122 2456 1332 2549 bitum
1364 2474 1625 2539 quoque
1648 2498 1664 2530 ,
1711 2472 1841 2537 quo
1869 2450 2214 2512 ministerii
2252 2447 2444 2530 hujus
2465 2461 2625 2509 tem·

1123 2577 1292 2641 pore
1331 2579 1484 2618 usus
1520 2571 1655 2629 est,
1714 2574 1953 2637 nempe
1997 2558 2207 2615 medio
2243 2556 2410 2612 Inter
2439 2554 2630 2611 Phoe·-

1124 2663 1371 2719 nt’ssam
1407 2662 1638 2719 stolam
1676 2677 1927 2718 sacram
1948 2700 1964 2729 ‚
2022 2665 2088 2716 et
2126 2658 2382 2715 laenam
2419 2654 2631 2712 Medo-

1127 2781 1289 2833 rum,
1340 2772 1409 2821 ut
1428 2779 1576 2820 eum
1612 2757 1927 2820 describit
1958 2754 2375 2818 Herodianus
2409 2749 2509 2831 d),
2564 2764 2628 2813 et

1128 2859 1259 2921 alio
1296 2860 1481 2921 loco:
1528 2864 1792 2922 incessit
1826 2860 2156 2919 barbarico
2186 2859 2361 2917 cultu
2376 2857 2629 2915 tunicas

1127 2965 1393 3023 indutus·
1400 2982 1757 3040 purpureas
1783 2964 2067 3021 intextas
2090 2979 2271 3030 aur-0,
2317 2965 2383 3018 et
2406 2976 2628 3016 manu·

1130 3066 1341 3123 lentas
1396 3071 1462 3122 et
1507 3066 1599 3121 ad
1630 3064 1833 3136 pedes·
1871 3063 2185 3121 demissas
2216 3057 2301 3136 θ).
2361 3056 2626 3118 Palmae

1128 3181 1388 3235 ramus,
1446 3181 1640 3244 quem
1687 3159 1946 3220 sinistra
1988 3172 2205 3232 tenet,
2268 3156 2512 3240 quique
2560 3154 2630 3215 iu

1126 3263 1345 3324 numia
1395 3262 1692 3344 pluribus
1747 3260 1828 3322 ad
1872 3260 2094 3323 clavae
2132 3259 2629 3322 similitudinem

1131 3362 1423 3439 acc'cdit,
1471 3362 1645 3424 forte
1677 3361 2101 3428 Phoeniciam
2139 3359 2482 3442 religionis
2505 3360 2634 3423 ori-

1134 3464 1357 3548 ginem
1403 3463 1687 3546 indicat3
1736 3477 1801 3525 at
1836 3463 2090 3525 hastilia
2144 3485 2291 3530 cum
2330 3462 2630 3524 indicatis

1131 3558 1461 3628 attributis
1492 3566 1673 3648 juxta
1711 3563 1921 3626 defixa
1960 3579 2215 3649 partem
2258 3564 2500 3648 utique
2524 3582 2632 3627 ve·

1134 3668 1275 3729 sani
1320 3667 1485 3729 ritus
1529 3666 1948 3729 constituunt.
2033 3669 2298 3729 Astrum
2350 3681 2632 3749 superne

1127 3768 1199 3827 in
1227 3786 1379 3830 area
1399 3765 1704 3842 defixum,
1753 3779 1824 3828 ut
1858 3767 1926 3827 in
1964 3767 2265 3848 plurimis
2305 3766 2451 3828 aliis
2481 3766 2637 3827 Ela-

1131 3869 1349 3955 gabali
1395 3866 1642 3943 numis,
1723 3867 1919 3929 deum
1994 3870 2218 3931 Solem
2274 3880 2480 3929 notat.
2562 3866 2634 3927 ln

1135 3989 1466 4032 marmore
1482 3968 1830 4032 Muratorii
1876 3963 1926 4050 Ι)
1972 3970 2219 4053 legitur
2252 3970 2474 4031 lunius
2502 3968 2638 4030 Ma-

1131 4084 1359 4135 ternus
1398 4072 1702 4136 SACER.
1748 4073 1831 4134 D.
1881 4072 1949 4134 S.
1995 4070 2432 4136 HALAGAB.
2501 4094 2508 4102 ·

1858 4173 1898 4213 e

1428 4279 1517 4340 Vt
1553 4281 1654 4341 lic.
1690 4219 1769 4342 ὃ.
1798 4281 1973 4341 et'E.

1135 4377 1215 4444 1³.
1266 4383 1358 4441 Μ.
1396 4381 1552 4443 ΤΒ.
1603 4379 1680 4442 Ρ.
1731 4380 1871 4442 1111.
1917 4378 2105 4443 cOS.
2143 4380 2256 4442 111.
2294 4379 2369 4441 P.
2400 4380 2475 4438 P.
2519 4398 2636 4439 va-

2024 4218 2064 4260 O

1129 4675 1132 4680 ,
1242 4593 1305 4660 a)
1345 4589 1402 4644 in
1438 4575 1599 4668 Elag.
1636 4610 1685 4649 c.
1715 4606 1762 4651 1.

1137 4683 1200 4753 0)
1239 4681 1302 4739 in
1330 4677 1609 4736 Macrino.

1988 4590 2057 4664 b)
2096 4590 2156 4646 in
2184 4592 2388 4649 Carae.
2427 4611 2475 4647 c.
2510 4604 2594 4649 11.

1793 4682 1845 4754 f)
1884 4684 2021 4757 Pag.
2068 4694 2227 4756 1113.
2255 4688 2306 4741 lt.

2495 4682 2560 4755 g)
2595 4678 2949 4752 1..1,ΧΧΙΧ.
2979 4682 3030 4750 ς.
3062 4690 3115 4744 3.

2264 361 3086 514 ELAGABALVS.

2732 621 2857 683 rete
2883 620 3051 698 type.
3064 660 3083 692 ‚
3118 617 3490 698 pter-nmque
3507 614 3580 677 tn
3602 612 3711 676 aaa·
3730 578 4225 691 rzajabatccnt·

2734 735 2805 789 sa
2838 727 3185 803 ommes..
3229 722 3370 789 Av.
3402 719 3540 781 Aa.
3588 719 3725 781 ΑΕ.
3767 718 3811 777 ι.
3846 719 3925 780 ιι.

3111 927 3183 987 V.
3225 927 3289 989 C.
3323 932 3470 989 975.
3514 926 3584 985 P.
3614 924 3699 985 X.
3730 928 3877 986 222.

2879 1031 3004 1093 m.
3046 1032 3118 1089 P.
3161 1030 3235 1090 V.
3287 1028 3466 1087 COS.
3497 1028 3614 1087 JV.
3657 1027 3730 1088 P.
3765 1028 3853 1086 M.
3888 1024 3955 1087 Ρ.
3992 1026 4070 1085 Ρ.

2818 1129 3186 1213 Elayabalo
3220 1129 3339 1189 IV.
3376 1129 3757 1189 Alexandro
3799 1127 3974 1188 Caes.
4014 1143 4147 1186 coa.
4191 1187 4198 1202 ἑ

2862 1339 3259 1422 Comperto,
3330 1329 3772 1415 Elagabalum
3831 1324 4233 1391 consobrino

2734 1457 2851 1501 suo
2898 1458 3134 1502 necem
3182 1436 3438 1509 moliri,
3511 1430 3992 1495 tumultuantur
4041 1445 4233 1512 prae·

2732 1540 3013 1618 tor-iani,
3057 1559 3274 1625 neque
3307 1550 3496 1601 antea
3513 1532 3892 1619 quiescunt,
3939 1529 4098 1592 dum
4132 1547 4234 1592 se·

2726 1641 3081 1705 *caritatem
3128 1639 3430 1713 Caesari,
3476 1650 3545 1699 et
3571 1633 3966 1698 traditurum
3998 1651 4071 1694 se
4090 1650 4232 1696 om·

2731 1763 2887 1820 nes,
2951 1743 3339 1828 quibuscum
3391 1738 3674 1822 turpiter
3723 1736 4018 1810 vixerat,
4077 1751 4233 1818 pro-

2735 1844 3048 1906 mitteret.
3150 1842 3511 1905 Renovatis
3580 1837 3873 1914 insidiis,
3947 1848 4016 1899 et
4086 1847 4233 1897 orta

2733 1967 2996 2008 rursum
3036 1942 3362 2006 seditione
3396 1944 3735 2027 ingressus
3773 1951 3987 2003 castra
4004 1932 4085 1997 ab
4106 1934 4234 1996 ira·

2737 2046 2819 2109 tis
2861 2046 3178 2108 militibus
3224 2066 3350 2107 una
3392 2065 3542 2107 cum
3581 2056 3792 2104 matre
3843 2035 4234 2102 Soaemiade

2739 2146 3102 2224 occiditur,
3149 2168 3389 2231 corpus
3425 2166 3549 2231 per
3582 2145 3817 2206 urbem
3850 2153 4131 2204 tractum
4164 2138 4235 2199 iu

2740 2250 3037 2312 Tiberim
3067 2248 3412 2332 abjicitur,
3459 2246 3636 2330 quod
3683 2246 3926 2308 factum
3965 2239 4237 2303 circiter

2739 2351 2854 2415 XI.
2909 2351 3131 2413 Martii
3191 2370 3273 2412 ex
3322 2350 3579 2431 calculo
3628 2345 3901 2418 Dionis,
3945 2340 4014 2405 vi
4050 2340 4280 2422 cujus·

2742 2452 3091 2537 imperavit
3141 2471 3346 2513 annos
3397 2452 3506 2510 111.
3562 2467 3823 2510 menses
3875 2447 4031 2523 lx„
4096 2441 4240 2504 dies

2737 2557 2851 2623 lv.
2890 2555 2952 2632 Β)
3001 2554 3228 2617 aetatis
3265 2572 3433 2614 anno
3477 2552 3710 2619 xvul.
3742 2546 3835 2630 ιι).

2871 2656 3034 2738 Ejus
3083 2655 3274 2738 pueri
3324 2653 3653 2715 infamiam
3713 2651 3922 2722 vitae,
3988 2665 4242 2709 mores-

2747 2776 2875 2842 que
2924 2757 3079 2819 inde
3130 2778 3167 2819 a
3212 2770 3438 2819 tenera
3485 2766 3697 2817 aetate
3744 2751 3922 2812 omni
3960 2749 4238 2810 libidine

2746 2872 3096 2941 corruptos
3167 2858 3386 2920 animo
3448 2867 3760 2939 reputans
3822 2864 3933 2915 aut
3986 2848 4240 2912 dubita·

2744 2958 2875 3036 bit,
2920 2975 3138 3022 utrum
3171 2979 3327 3026 vera
3350 2959 3478 3021 sint
3510 2953 3759 3030 omnia,
3804 2973 3969 3039 quae
3990 2951 4072 3015 de
4092 2949 4239 3034 ejus

2746 3062 3024 3125 amentia
3046 3106 3064 3138 ,
3111 3077 3177 3125 et
3205 3059 3509 3124 sordibus
3527 3057 3726 3120 fidem
3762 3076 4022 3119 omnem
4047 3059 4243 3137 supe·

2745 3163 3037 3227 rantibus
3093 3161 3424 3224 tradidere
3464 3175 3726 3225 veteres
3750 3202 3767 3234 ,
3814 3171 3923 3220 aut
3977 3154 4243 3216 mirabi-

2745 3278 2854 3327 tur
2886 3263 3262 3347 patientiam
3304 3266 3749 3324 Romanorum
3788 3257 4003 3342 ipsum
4037 3258 4243 3320 trien-

2745 3368 2922 3428 nium
2980 3380 3048 3428 et
3101 3364 3379 3447 amplius
3425 3362 3594 3424 hanc
3629 3362 3808 3422 orbis
3854 3374 4106 3444 pestem
4142 3357 4242 3421 se-

2746 3467 3052 3529 rentium.
3137 3470 3340 3528 Natus
3387 3483 3465 3526 ea
3515 3461 3930 3534 conditione,
3974 3482 4137 3544 qua,
4183 3460 4244 3520 si

2747 3581 3000 3653 patrem
3038 3567 3310 3636 Varium
3357 3578 3652 3649 spectes,
3697 3561 3937 3647 privati
3971 3561 4241 3623 modum

2745 3668 3077 3732 excedere
3120 3688 3253 3730 non
3311 3665 3662 3740 debuerat,
3709 3665 3764 3725 si
3815 3663 4239 3747 caracallam,

2747 3768 2816 3830 in
2848 3767 3175 3851 despectis
3220 3780 3495 3853 propter
3536 3763 3938 3828 adulterinos
3991 3764 4244 3826 natales

2749 3867 3088 3932 habendus
3139 3882 3315 3943 erat,
3380 3866 3636 3948 dejecto
3701 3865 4243 3929 muliercularum

2753 3968 3039 4047 artibus,
3103 3984 3172 4032 et
3223 3971 3409 4035 velut
3466 3988 3590 4052 per
3658 3965 3885 4029 ludum
3943 3965 4243 4029 Macrino

2743 4072 2812 4133 in
2862 4071 3213 4156 imperium
3276 4069 3624 4145 intrusus,'
3666 4082 3734 4130 et
3783 4088 3907 4153 per
3956 4067 4245 4132 necessi-

2743 4186 2947 4235 tatem
3002 4172 3290 4254 agnitus,
3358 4193 3508 4235 cum
3573 4187 3728 4231 mox
3783 4183 3937 4253 post
3999 4168 4240 4231 aditam

2748 4293 3067 4337 summam
3115 4271 3500 4355 dignitatem
3560 4272 3918 4336 conciliare
3952 4270 4240 4354 sibi‘po·

2747 4376 3052 4460 pulcrum
3097 4374 3308 4436 studia
3339 4394 3463 4458 per
3503 4373 3971 4436 moderationis
4004 4386 4073 4435 et
4112 4372 4241 4436 vir·
4343 4445 4348 4450 ,

2821 4592 2881 4658 c)
2920 4553 3034 4645 Dio
3053 4588 3116 4644 L.
3136 4586 3398 4643 Lxmx.
3433 4543 3585 4657 §.ir
3807 4541 3888 4654 (η’
3911 4571 3972 4641 sn
3990 4581 4234 4661 magas.

3301 4676 3371 4750 h)
3412 4676 3524 4733 Dio
3558 4674 3625 4732 L.
3658 4674 3928 4734 LXXIX.
3953 4681 4002 4748 ᾗ.
4034 4685 4124 4735 20.
