4652 5937
1293 519 1898 599 F-Avs‘rlNA
1993 523 2448 597 mmor..
3241 497 3332 630 τό

960 708 999 748 1»

792 753 831 792 ᾖ

515 815 607 875 Vt
647 814 743 873 tit.
787 813 849 874 C.
1411 899 1414 902 Α

231 916 320 976 Μ.
365 912 914 980 ANTONINVS.
968 910 1170 978 AVG.
1219 911 1358 974 ΤΒ.
1405 912 1475 971 Ρ.
1518 909 1723 971 XXX.

228 1020 426 1095 Caput
444 1017 543 1076 M.
561 1016 822 1075 Aurelii
855 1017 1116 1074 nudum.
1173 1013 1307 1075 ΑΕ.
1344 1032 1510 1074 max.
1551 999 1724 1072 mod.

350 1114 464 1176 sic
501 1135 746 1176 numus
775 1113 885 1173 hic
916 1113 1265 1175 exhibetur
1300 1114 1475 1174 inter
1494 1132 1726 1171 numos

228 1236 392 1279 max.
422 1215 606 1278 mod.
650 1214 828 1295 regis
858 1213 1026 1276 Gall.
1068 1214 1198 1277 tab.
1235 1217 1351 1275 XI·-.
1380 1234 1446 1274 n.
1496 1234 1515 1270 ι
1545 1257 1560 1285 ,
1610 1211 1728 1273 sed

228 1319 336 1402 qui
365 1317 432 1378 in
463 1315 644 1377 binis
664 1312 972 1390 offendit,
1019 1313 1302 1395 primum
1343 1311 1518 1398 quod
1545 1312 1725 1394 juxta

223 1417 477 1479 Aurelii
522 1417 791 1477 nomina
823 1414 1213 1477 omittuntur
1241 1416 1416 1476 tituli
1452 1416 1725 1476 GERM.

228 1518 480 1581 SARM.
504 1560 523 1592 ,
583 1516 823 1600 quibus
861 1515 928 1575 in
962 1514 1293 1577 tribunatu
1328 1517 1534 1578 XXX.
1573 1535 1727 1577 con-

227 1632 470 1680 stanter
501 1630 608 1678 est
640 1637 828 1692 usus,
875 1614 1116 1678 deinde
1153 1616 1328 1701 quod
1347 1617 1723 1679 Faustinam

230 1718 435 1783 adhuc
485 1719 710 1781 vivam
754 1733 1118 1800 proponat,
1172 1737 1338 1808 quae
1378 1716 1509 1798 jam
1558 1738 1727 1779 anno

227 1820 668 1905 praecedente
706 1818 880 1880 diem
926 1819 1108 1881 obiit.
1191 1818 1411 1912 Quare
1468 1831 1578 1879 aut
1615 1817 1731 1879 de-

231 1922 535 1983 mendum
575 1919 826 2004 aliquid
881 1939 963 1980 ex
1015 1920 1381 1980 tribunatus
1422 1911 1723 1993 numer0‚

231 2038 293 2086 et
334 2021 697 2105 legendum
750 2018 925 2081 forte
984 2023 1122 2079 ΤΒ.
1168 2022 1244 2083 Ρ.
1298 2021 1553 2094 XXIX,
1612 2033 1723 2083 aut

231 2120 738 2205 numus-spuriis
779 2119 1248 2183 accensendus.

954 2219 993 2258 O

787 2264 827 2301 fi

505 2327 592 2385 Vt
638 2326 735 2386 lit.
774 2328 890 2384 Α..

236 2427 527 2488 MATRI.
598 2422 1169 2487 CAS'FRORVM.
1220 2423 1287 2487 S.
1334 2424 1414 2487 C.
1489 2425 1724 2486 Mulier

239 2540 408 2588 stam
444 2531 505 2587 d.
520 2536 821 2605 pateram
842 2567 859 2597 ,
905 2545 958 2585 s.
993 2544 1282 2585 acerram
1316 2529 1410 2585 ad
1420 2545 1605 2585 aram
1621 2543 1725 2583 sa-

238 2632 504 2708 crificat,
532 2629 897 2706 juxta‘tria
915 2628 1106 2705 siqua
1135 2628 1471 2688 militaria.
1518 2625 1657 2687 ΑΕ.
1675 2625 1724 2684 1.

241 2729 428 2806 (Mus.
462 2719 700 2809 CaesJ

352 2830 574 2890 Prima
605 2827 917 2891 Faustina
988 2828 1117 2892 hoc
1173 2827 1372 2890 titulo
1425 2846 1541 2888 usa
1606 2839 1726 2889 est.

241 2931 400 2992 Eum
457 2930 560 2992 illi
621 2929 950 2992 honorem
1011 2928 1300 2991 delatum
1340 2926 1568 3005 fuisse,
1631 2926 1727 2988 di-

245 3045 406 3094 serte
443 3030 645 3092 tradit
674 3032 807 3092 Dio
841 3034 897 3110 ⁸)
918 3074 933 3105 ,
980 3029 1289 3090 nimirum
1344 3030 1548 3090 relata
1576 3046 1728 3110 pro-

241 3131 474 3213 digiosa
519 3131 634 3192 illa
688 3132 771 3215 de
804 3130 1051 3226 Quadis
1087 3129 1400 3205 victoria,
1466 3129 1548 3189 de
1595 3149 1720 3211 qua

243 3231 317 3293 ad
349 3255 583 3294 annum
616 3234 704 3300 V.
740 3236 814 3295 C.
856 3251 980 3315 9⁶²7
1013 3234 1153 3316 egi,
1198 3230 1541 3294 Aurelium
1589 3229 1722 3290 dic-

236 3343 365 3392 tuni
413 3322 618 3395 fuisse
666 3335 1132 3416 imperatorem
1167 3333 1314 3398 Vn.
1360 3344 1427 3392 et
1471 3331 1526 3390 F
1530 3328 1722 3391 austi-

241 3454 376 3493 nam
396 3445 662 3497 matrem
698 3446 1049 3498 castrorum
1083 3437 1350 3515 (μητερες
1375 3452 1489 3490 των
1537 3448 1722 3505 στρα-

239 3531 535 3613 τοπεδων).
585 3537 847 3597 Nomen
873 3535 1049 3597 istud
1094 3533 1436 3598 confirmat
1465 3533 1722 3616 Capito·

239 3634 399 3696 linus
430 3655 728 3720 quoque3
773 3658 920 3697 nam
950 3656 1115 3709 eam,
1145 3636 1354 3719 inquit
1385 3632 1472 3714 b)‚
1518 3654 1727 3695 secum

247 3739 310 3796 in
346 3743 606 3799 aestivis
655 3742 1000 3811 habuerat,
1061 3749 1136 3799 nt
1176 3740 1556 3799 MATREM
1596 3739 1727 3795 CA-

248 3838 653 3900 STRORVM
667 3842 1038 3918 appellaret.
1085 3838 1339 3899 Eodem
1379 3837 1586 3898 serius
1613 3855 1727 3895 no·

251 3937 411 3997 mine
454 3939 734 4020 gloriata
787 3958 1049 4023 quoque
1109 3951 1224 3999 est,
1259 3938 1418 3998 Iulia
1469 3938 1724 3997 Domna

252 4035 509 4113 Severi,
567 4055 638 4102 et
682 4041 954 4124 posthac
1000 4041 1227 4123 plures
1276 4039 1439 4101 aliae
1500 4038 1566 4099 in
1607 4058 1722 4098 nu-

253 4137 359 4198 mis
391 4140 883 4217 Alexandrinis,
930 4160 1094 4224 quos
1127 4139 1295 4203 vide.

793 4242 1256 4355 fi*‘*·

335 4388 342 4395 ,
513 4345 761 4406 Amica
802 4349 1013 4406 varia.
1305 4398 1310 4407 .
1424 4432 1429 4437 θ

252 4439 696 4506 PVDICITIA.
746 4450 916 4526 typis
942 4451 1147 4509 uariis
1162 4450 1230 4507 in
1260 4452 1434 4508 omni
1451 4451 1728 4525 metallo,

252 4557 308 4606 el
324 4546 549 4622 forma.
569 4592 576 4597 .

1125 751 1162 791 ἢ

1116 2264 1157 2303 ἦ

1822 1015 1912 1069 ἰιι
1975 1029 2120 1072 esse
2199 1011 2442 1085 velint,

1961 708 2065 768 An
2112 707 2460 769 Faustinae
2510 707 2819 791 pudicitia
2862 711 2930 773 in
2975 712 3076 774 his
3119 717 3335 778 numis

1839 804 2117 887 jactatur
2175 827 2297 891 per
2361 821 2609 869 suetam
2668 810 3159 877 adulationem?
3258 840 3339 880 an

1842 927 1923 969 eo
1977 895 2195 986 more,
2256 929 2387 993 quo
2432 909 2837 991 principibus
2881 917 3333 1000 proponimus,

2529 1013 2707 1094 quod
2764 1035 2911 1077 esse
2968 1016 3334 1081 deberent?

1842 1110 2055 1171 Etiam
2081 1113 2392 1173 Hadriani
2430 1112 2808 1195 pudicitiam
2847 1109 3335 1199 crepant'numi',

1841 1212 2028 1273 nuno
2067 1213 2453 1296 pactoistud
2495 1212 2702 1274 laudis
2733 1218 3099 1296 promeriti.
3254 1203 3263 1218 '

2573 1319 2610 1362 a

2406 1366 2445 1405 ᾖ

2136 1425 2219 1483 Vt
2255 1427 2350 1486 lit.
2385 1429 2469 1488 A.

1845 1518 2238 1587 SAECVLI.
2286 1527 2662 1587 FELICIT.
2705 1527 2848 1587 Duo
2874 1531 3082 1605 puelli
3113 1532 3183 1591 in
3215 1533 3337 1593 lec·

1840 1623 2129 1684 lister-nio
2146 1669 2162 1697 ,
2197 1629 2670 1688 imminentibus
2696 1630 2896 1707 capiti
2928 1633 3146 1691 aser-1⁹8.
3192 1632 3337 1695 AR.

1844 1721 1983 1792 ΑΕ.
2030 1723 2077 1782 Ι.
2121 1724 2197 1784 11.
2245 1727 2441 1803 (Mus.
2484 1727 2703 1803 Caes.)

1972 1822 2136 1883 Sunt
2155 1823 2223 1885 hi
2244 1830 2629 1902 Commodus,
2673 1840 2739 1888 et
2757 1833 3124 1894 Antoninus·
3144 1832 3337 1896 Dios·

1839 1941 2148 1985 euroram
2188 1927 2371 1988 cultu
2402 1928 2755 2010 propositi,
2782 1951 2945 2013 quos
2978 1953 3106 1992 uno
3147 1949 3339 2015 partu

1836 2021 2144 2086 Faustina
2163 2025 2389 2104 edidit,
2430 2043 2494 2090 et
2516 2027 2598 2088 de
2615 2029 2849 2112 quibus
2867 2045 3099 2113 agetur
3119 2033 3183 2094 in
3206 2036 3336 2098 rita

1836 2113 2199 2186 Commodi.
2216 2131 2491 2192 Saeculo
2509 2148 2629 2211 pro
2634 2143 2858 2212 pterea
2874 2132 3113 2215 aliquid
3123 2136 3340 2214 felici·

1837 2228 1993 2284 tatis
2005 2239 2283 2307 partum,
2320 2249 2601 2313 sequens
2619 2250 2848 2295 aevum
2867 2253 2995 2294 non
3011 2237 3343 2318 probavit.

2129 2330 2214 2388 Vt
2253 2332 2349 2390 lit.
2402 2334 2462 2392 C.

1839 2424 1906 2488 S.
1955 2426 2030 2490 C.
2114 2431 2435 2507 Templum
2501 2433 2762 2509 Vestae,
2830 2440 3006 2524 intus
3069 2438 3333 2514 idolum,

1833 2528 2268 2606 praeforibus
2303 2533 2452 2593 hinc
2484 2533 2766 2612 virqines
2818 2547 2976 2610 tres,
3023 2539 3208 2597 illinc
3245 2550 3338 2601 to·-

1841 2629 2036 2688 tidem
2070 2630 2245 2690 aliae
2275 2637 2370 2692 ad
2397 2654 2578 2692 aram
2609 2636 2992 2696 luculentam
3024 2658 3212 2699 sacra
3221 2643 3332 2719 fa-

1841 2730 2052 2803 ciant,
2097 2733 2395 2794 adstante
2412 2745 2749 2811 praeterea
2775 2756 2985 2814 parva
2997 2740 3208 2817 ήμην-α
3235 2742 3335 2818 fe·

1842 2831 2059 2890 mella.
2109 2832 2246 2891 ΑΕ.
2281 2852 2447 2894 max.
2486 2832 2662 2898 mod.

1967 2929 2280 3015 Vulgavit
2314 2953 2582 2997 numum
2616 2935 2789 3000 hunc
2826 2957 2907 3000 ex
2935 2959 3163 3003 museo
3177 2940 3336 3005 Far·

1841 3031 2109 3093 nesiano
2144 3033 2521 3113 Pedrusius,
2571 3024 2754 3120 cujus
2783 3058 2908 3120 ego
2937 3038 3184 3122 judicio
3204 3025 3337 3106 lae.-

1841 3144 1946 3193 tus
1967 3132 2201 3194 lubens
2239 3155 2372 3195 non
2404 3139 2774 3220 acquiesco.
2838 3143 3010 3204 Eum
3051 3143 3340 3207 reticent

1839 3233 2119 3315 catalogi
2174 3233 2286 3294 alii
2332 3235 2727 3301 illustriores
2782 3265 2817 3303 a
2851 3242 3011 3305 viris
3060 3245 3340 3329 insignis

1837 3332 2336 3415 meritivulgati.
2378 3328 2635 3399 Atn'ovi
2670 3340 2885 3417 etiam,
2917 3366 3185 3406 numum
3205 3361 3338 3409 tam

1835 3432 2310 3515 inscriptiones
2357 3457 2546 3518 quam
2580 3451 2737 3522 typo
2786 3442 3188 3508 simillimum
3227 3467 3338 3511 ex·

1843 3545 2016 3594 stare
2051 3534 2221 3596 inter
2253 3555 2390 3611 eos,
2437 3559 2598 3621 quos
2632 3540 2953 3623 impostor
2984 3548 3333 3611 Patavinus

1841 3632 2192 3696 fabricatus
2222 3649 2320 3697 est
2347 3680 2366 3713 ,
2425 3651 2492 3700 et
2536 3661 2699 3723 quos
2719 3643 2854 3704 aeri
2875 3626 3114 3707 incisos
3152 3647 3335 3713 dedit

1843 3734 2198 3797 Molinetus
2233 3740 2328 3815 θ),
2376 3759 2541 3821 quae
2576 3761 2730 3804 sane
2756 3764 2946 3806 causa
2983 3768 3335 3813 numerum

2738 1368 2777 1405 f

1844 3834 2151 3895 similium
2176 3834 2375 3898 fidem
2419 3856 2784 3923 suspectam
2812 3844 2988 3907 facit.
3036 3849 3337 3933 Augetur

1844 3935 2168 4016 suspicio,
2251 3940 2430 4021 quod
2484 3960 2713 4003 eorum
2761 3958 2970 4008 exstat
3023 3969 3335 4013 numerus

1839 4034 2265 4097 incredibilis.
2356 4041 2430 4102 ln
2520 4063 2651 4103 nno
2715 4064 2944 4108 museo
3011 4047 3336 4114 Caesareo

1836 4141 2058 4225 reperi
2118 4141 2517 4225 exemplaria
2577 4143 2723 4204 fere
2792 4146 2973 4222 XX.,
3055 4169 3335 4231 quorum

1838 4242 2176 4326 complura
2238 4256 2390 4305 sunt
2456 4242 2674 4327 operis
2746 4238 3182 4327 admir⁸ahilis,
3241 4252 3337 4315 in·
3394 4266 3413 4289 ·

1752 4335 1755 4339 ’
1835 4354 1942 4405 ter
1994 4363 2160 4426 quae
2203 4343 2449 4405 eminet
2495 4365 2694 4404 unum
2743 4363 2824 4406 ex
2888 4347 3140 4414 duobus
3201 4376 3336 4418 me·-

1842 4444 2056 4517 tallis‚
2103 4464 2383 4528 quorum
2453 4444 2727 4535 interius
2799 4447 3070 4533 insuper
3130 4458 3333 4519 utrin-

1846 4563 1975 4630 que
2037 4545 2416 4609 tenuissima
2474 4546 2738 4608 lamella
2802 4569 3000 4612 aurea
3061 4553 3330 4637 tegitur,

383 4781 440 4847 a)
479 4778 540 4834 L.
565 4778 774 4838 Lxxl.
802 4774 951 4853 §'10.
995 4780 1010 4785 “
1033 4778 1102 4851 b)
1138 4777 1197 4834 in
1233 4776 1432 4834 Aurel.
1469 4795 1516 4833 c.
1540 4758 1627 4840 26.
1708 4777 1767 4847 c)
1792 4771 2000 4831 Cabin.
2030 4768 2102 4827 de
2123 4752 2346 4828 Genev.
2365 4767 2673 4828 Medailles
2691 4736 3037 4829 Padoua‘nes
3059 4792 3120 4835 n.
3140 4773 3331 4835 XXX.
