4652 5937
1078 411 1165 483 L.
1269 407 1883 484 AVRELIVS
1953 405 2401 496 ,VERVS
3198 426 3293 505 97

187 616 318 684 que
383 594 564 661 adeo
629 594 839 657 multo
890 594 1095 675 magis
1142 593 1418 678 conlega
1460 593 1699 668 Verus,

187 695 375 783 quod
407 711 480 758 et
525 697 798 780 egregie
835 695 1263 778 comprobant
1318 696 1458 775 ejus
1497 694 1700 769 numi,

188 819 479 883 quorum
531 796 754 859 nullus
783 819 1100 879 unquam,
1149 797 1201 855 si
1251 796 1445 857 modo
1480 809 1699 857 certae

189 901 274 963 sit
324 896 535 971 fidei,
601 897 776 959 hunc
811 898 1081 976 ,titulum
1130 910 1435 959 ostentat.
1525 895 1699 990 Quid

200 998 630 1063 sentiendum
670 999 751 1059 sit
774 998 855 1060 de
906 998 1374 1072 marmoribus,
1423 1016 1700 1080 quorum

194 1122 327 1164 non
404 1121 623 1185 pauca
684 1103 760 1162 L.
801 1103 1047 1168 Verum
1130 1112 1379 1181 patrem
1453 1095 1701 1180 patriae

201 1215 645 1279 creaverunt,
745 1201 815 1262 in
886 1199 1161 1262 Aurelio
1237 1198 1474 1280 eodem
1549 1199 1703 1276 loeo

200 1302 478 1368 dictum.
883 1321 886 1324 ¹

237 1525 696 1599 Armeniacae,
744 1524 1075 1606 Parthicae
1103 1541 1277 1582 max.
1295 1564 1316 1596 ,
1351 1523 1661 1584 Medicus.

327 1711 595 1772 Horum
632 1706 971 1770 titulorum
1016 1704 1286 1788 genesin
1340 1703 1470 1787 jam
1506 1722 1708 1786 expo-

213 1810 311 1874 sui
350 1810 419 1871 in
442 1809 725 1872 Aurelio
759 1806 882 1867 'sub
915 1806 1146 1869 iisdem
1183 1805 1552 1880 vocabulis,
1597 1803 1709 1889 qui

211 1930 449 1993 nempe
510 1930 633 1972 eos
684 1930 806 1993 per
867 1905 1137 1968 fratrem
1194 1908 1435 1974 Verum
1487 1918 1709 1989 partos

219 2011 502 2093 suscepit
541 2011 778 2084 etiam,
826 2008 942 2069 sed
976 2007 1233 2090 priores
1273 2006 1439 2069 duos
1481 2006 1713 2069 nonni-

220 2112 308 2176 hil
345 2112 605 2184 serius,
649 2124 722 2170 nt
768 2108 898 2192 jam
931 2122 1069 2169 tum
1104 2108 1309 2171 innui.

342 2199 799 2276 Armeniacus.
870 2210 1017 2272 Hoc
1076 2229 1316 2271 nomen
1363 2222 1621 2291 captum
1675 2229 1712 2270 a

222 2313 397 2380 Vero
427 2314 497 2374 in
534 2312 871 2375 tribunatu
914 2314 1062 2385 11L,
1108 2325 1175 2373 et
1207 2310 1538 2393 aliquanto
1582 2330 1715 2370 ma-

228 2415 469 2490 turius,
533 2435 728 2497 quam
771 2412 940 2473 illud
989 2410 1247 2473 admisit
1295 2411 1539 2486 frater,
1582 2410 1715 2493 jam

229 2515 293 2577 in
316 2515 594 2578 Aurelio
626 2513 1079 2576 stabilivimus.
1149 2512 1374 2574 Fluxit
1408 2510 1517 2575 hic
1555 2511 1717 2578 Veri

233 2616 596 2681 tribunatus
628 2635 775 2679 cum
818 2634 988 2677 anno
1029 2632 1172 2693 9¹7·

354 2719 691 2779 Parthicus
722 2737 902 2778 macc.
961 2714 1143 2775 Istud
1171 2695 1433 2798 guoque
1465 2735 1501 2775 a
1538 2714 1718 2778 Vero

237 2815 431 2879 fuisse
490 2816 951 2900 anticipatum,
1025 2815 1281 2878 abunde
1336 2817 1404 2877 in
1448 2813 1719 2878 Aurelio

239 2918 521 3002 probavi.
570 2917 745 2980 lllnd
777 2938 935 2982 vero
973 2917 1097 2980 sibi
1135 2917 1382 3003 adlegit
1415 2917 1483 2978 in
1518 2915 1724 2980 tribu-

241 3032 389 3081 natu
438 3021 556 3095 V.,
618 3018 731 3102 qui
779 3019 1072 3083 cucurrit
1122 3039 1271 3082 eum
1321 3040 1489 3081 anno
1527 3018 1606 3084 V.
1648 3019 1722 3081 C.

250 3118 390 3201 φῦ.
443 3119 680 3184 Fuisse
728 3132 946 3183 autem
995 3121 1241 3190 Verum
1289 3120 1362 3184 in
1405 3120 1723 3205 capiendo

1816 594 1947 655 hoc
2010 594 2204 655 titulo
2255 592 2547 674 priorem
2570 594 2598 666 ,‘
2643 606 2908 675 praeter
2954 612 3069 668 ea,
3128 613 3304 677 quae

1815 695 1881 754 in
1925 695 2195 755 Aurelio
2247 693 2417 767 dixi,
2482 692 2905 756 confirmatur
2952 695 3165 756 numis
3209 696 3307 756 bi·

1816 795 1955 867 nis,
2001 791 2731 878 quorum‘alterAurelii
2751 807 2871 869 est,
2917 796 3085 857 alter
3119 796 3309 862 Veri.

1813 895 2069 956 Aurelii
2110 917 2345 956 numus
2400 896 2463 954 in
2514 917 2740 959 aversa
2780 897 3162 981 inscriptum
3209 897 3312 960 of·

1818 994 1986 1056 sert:
2050 994 2311 1057 como.
2354 998 2550 1062 Ave.
2590 1000 2701 1060 111.
2746 979 2863 1059 'ra
2923 999 3300 1062 Porxx.
3417 1033 3427 1042 -

1817 1098 1994 1158 IMP.
2016 1097 2129 1157 111.
2150 1097 2340 1159 COS.
2364 1099 2511 1170 111.‚
2559 1101 3094 1166 etnumus'Veri:
3139 1102 3308 1166 LIB.

1819 1196 2016 1263 AVG.
2049 1199 2158 1257 111.
2195 1202 2333 1260 ΤΒ.
2359 1202 2433 1260 P.
2453 1200 2562 1265 Vl.
2601 1200 2786 1262 COS.
2809 1202 2886 1262 11.
2926 1204 3056 1263 Per
3082 1221 3312 1264 nume-

1820 1319 1966 1359 rum
2002 1298 2445 1360 tribunatuum
2486 1301 2823 1385 utriusque
2844 1323 3078 1364 numus
3097 1287 3315 1388 signa·.

1815 1412 1920 1461 tus
1959 1413 2057 1462 est
2091 1401 2168 1467 V.
2191 1402 2262 1462 C.
2300 1420 2460 1482 9η),
2508 1415 2572 1463 et
2602 1422 2721 1484 per
2765 1422 3109 1464 numerum
3158 1422 3310 1465 con·

1820 1500 2044 1582 giarii,
2088 1520 2326 1584 nempe
2364 1487 2473 1563 1¹11.
2500 1548 2516 1577 ,
2565 1516 2840 1585 uterque
2879 1502 3113 1565 eodem
3150 1517 3312 1566 tem·

1818 1621 1982 1681 pore
2005 1644 2021 1676 ,
2093 1600 2209 1662 sed
2242 1624 2475 1665 numus
2508 1603 2767 1665 Aurelii
2794 1604 2985 1666 titulo
3026 1598 3315 1667 Parthici

1819 1705 2096 1762 maximi
2160 1702 2372 1765 adhue
2442 1705 2761 1780 abstinet,
2837 1727 3032 1790 quem
3090 1719 3312 1769 tamen

1823 1801 1950 1882 jam
1997 1801 2264 1865 exhibet
2315 1826 2550 1868 numus
2583 1807 2781 1881 Veri,
2842 1807 2996 1892 quin
3043 1805 3174 1888 jam
3203 1826 3314 1869 ex·

1824 1903 2038 1965 hibuit
2071 1903 2137 1963 in
2184 1904 2519 1967 tribunatu
2556 1909 2637 1971 V.

1951 2009 2258 2067 Medicus.
2321 2008 2427 2069 De
2461 2009 2727 2069 nomine
2787 2006 2953 2083 hoe,
2996 2007 3064 2068 in
3120 2008 3317 2072 unico¹

1824 2117 2071 2167 tantum
2122 2109 2196 2169 L.
2231 2107 2396 2173 Veri
2450 2121 2651 2169 numo
2718 2108 2952 2185 obvio,
3013 2108 3132 2173 sed
3184 2109 3317 2180 fre*

1828 2205 2172 2290 quentiore
2218 2206 2286 2268 in
2335 2208 2805 2287 marmoribus,
2879 2210 3068 2288 vide,
3151 2232 3319 2298 quae

1828 2304 1912 2368 sel
1953 2306 2121 2370 illud
2150 2306 2325 2370 idem
2365 2311 2431 2370 in
2466 2311 2739 2373 Aurelio
2774 2310 3146 2375 observavi.

2309 2533 2818 2607 Imperator.

1958 2710 2193 2808 Quoad
2224 2711 2421 2788 vixit,
2465 2711 2824 2795 imperator
2858 2715 2939 2781 V.
2977 2730 3080 2780 est
3110 2717 3324 2784 adclu-

1833 2828 2082 2889 matus,
2131 2827 2199 2876 et
2249 2834 2512 2898 semper
2546 2836 2670 2876 una
2708 2836 2854 2877 cum
2878 2815 3082 2882 fratre
3116 2821 3328 2885 Aure-

1834 2916 1968 2993 lio,
2039 2935 2304 2999 semper
2391 2930 2664 2999 propter
2734 2915 2997 2980 easdem
3075 2940 3325 2998 causas,

1838 3040 1997 3102 quas
2058 3018 2186 3101 jam
2249 3033 2638 3080 memoratas
2700 3018 2768 3079 in
2817 3020 3091 3085 Aurelio
3151 3045 3332 3087 nune

1838 3133 2146 3204 repetere
2183 3139 2761 3203 supervacaneum.

1545 3448 1749 3510 1³12ss
1771 3450 1870 3509 T]
1889 3449 2044 3510 VM.

647 3693 991 3754 Cbmmate'e
1035 3693 1350 3754 Romani:
2048 3756 2059 3769 ,

837 3792 1081 3866 Aurei,
1128 3806 1193 3857 et
1238 3791 1534 3876 argentei
1617 3833 2703 3854 ...........
2794 3795 2868 3854 C.

847 3894 1058 3955 Aenei
1094 3914 1261 3955 max.
1299 3893 1454 3956 mod
1459 3930 2707 3957 .............
2794 3893 2936 3952 RB.

843 3994 1054 4056 Aenei
1097 3996 1149 4058 1.
1196 4007 1263 4057 et
1307 3994 1684 4058 11.·formae
1734 4034 2713 4057 ..........
2799 3992 2880 4053 C.

849 4093 1061 4158 Aenei
1102 4098 1215 4160 111.
1259 4092 1515 4159 formae
1626 4135 2717 4159 ...........
2794 4090 2891 4160 Ὁ.

651 4194 992 4259 Commatis
1025 4202 1353 4278 γεωργίαι·
1361 4220 1381 4260 ε

853 4299 1171 4383 Argentei
1211 4299 1470 4360 urbium
1508 4298 1908 4361 Graecarum
1955 4337 2714 4359 ........
2804 4295 2982 4357 BR.-

743 4386 746 4389 .
855 4400 1064 4461 Aenei
1099 4400 1317 4462 variae
1347 4399 1600 4461 formae
1638 4439 2713 4461 ...........
2791 4397 2878 4470 Ὀ,

859 4502 1067 4562 Aenei
1112 4501 1518 4564 coloniarum
1634 4540 2717 4562 ...........
2734 4556 2739 4565 ,
2794 4499 2883 4562 'C-

857 4601 1322 4667 Alexandrini.
1411 4647 1430 4668 .
1519 4646 1535 4662 .
1591 4655 1605 4674 .
1625 4644 2707 4667 ...........
2786 4599 2876 4677 C,

469 4760 636 4836 (Vol.
692 4763 870 4842 Vll.)
2888 4763 2948 4821 N
