4652 5937
1334 485 1507 566 ,130

1351 603 1367 632 ἲ
1451 610 1459 616 ’
1688 656 1760 716 V.
1811 652 1878 711 c,
1917 655 2064 714 945.
2107 640 2184 710 P.
2228 649 2311 709 Χ.
2360 655 2500 711 192.

1361 751 1502 824 Ta.
1533 758 1602 817 Ρ.
1642 733 1857 814 XVIJ.
1938 752 2116 813 cosa
2159 752 2301 810 Vll.
2383 752 2456 811 Ρ.
2508 753 2595 810 M.
2644 752 2716 813 Ρ.
2771 752 2841 811 1².

1671 854 1895 916 PIVS.
1928 854 2112 914 Fet..
2151 854 2328 913 [ΜΡ.
2366 853 2546 912 Vm.

1358 912 1686 1026 Commodo
1734 958 1906 1036 Any.
1939 953 2085 1015 VII.
2127 953 2199 1011 Ρ.
2231 953 2461 1013 Helvio
2512 954 2843 1014 Pertinace

1961 1054 2053 1116 11.
2099 1049 2228 1115 cos.

1483 1256 1882 1326 Commodus
1916 1253 2127 1340 pridie
2156 1253 2487 1317 Kalendas
2525 1254 2657 1316 Ian.
2689 1275 2847 1318 noc·

1355 1380 1420 1429 te
1475 1358 1793 1427 concubia
1833 1357 1899 1422 vi
1959 1357 2138 1419 illata
2192 1356 2629 1440 exstinguitur
2674 1377 2842 1420 anno

1354 1464 1582 1539 aetatis
1615 1458 1854 1523 XXXI.
1891 1478 2115 1520 mense
2139 1458 2265 1523 ·1v.

1478 1556 1633 1627 Fuit
1660 1581 1782 1646 per
1823 1560 2280 1622 crudelitatem
2303 1601 2321 1633 ,
2368 1571 2437 1620 et
2465 1578 2718 1621 morum
2748 1559 2846 1620 in·

1348 1666 1611 1737 famiam
1644 1662 1945 1746 pessimis
1979 1658 2385 1744 principibus
2415 1658 2842 1722 adnumeran-

1349 1765 1512 1841 dus,
1582 1763 1693 1847 qui
1739 1782 1871 1824 non
1920 1762 2161 1845 exiguo
2210 1780 2487 1822 numero
2524 1781 2669 1822 rem
2707 1764 2840 1823 Ro·

1349 1887 1606 1936 manain
1670 1878 1983 1937 tenuere,
2044 1874 2112 1923 et
2158 1881 2279 1944 per
2323 1874 2498 1924 artes
2533 1861 2848 1946 gladiato-

1349 1969 1480 2032 rias
1498 1973 1538 2041 “,,
1564 1966 1634 2027 in
1671 1965 1906 2049 quibus
1952 1962 2398 2040 excelluerat,
2462 1963 2698 2045 dignus
2737 1985 2847 2025 ru-

1351 2087 1538 2130 more
1564 2068 1630 2128 in
1662 2067 1899 2147 vulgus
1927 2047 2190 2148 sparso}
2250 2084 2384 2126 non
2418 2086 2455 2126 a
2493 2068 2718 2136 Marco
2740 2061 2747 2068 ’
2767 2064 2846 2124 il-

1329 2173 1351 2230 l
1383 2190 1486 2230 um
1509 2213 1524 2242 ,
1572 2167 1691 2231 sed
1726 2164 2087 2251 gladiatore
2103 2185 2232 2248 ,per
2267 2164 2662 2260 adulterium
2679 2164 2847 2228 Fau·

1354 2271 1560 2331 stinae
1590 2268 1794 2330 fuisse
1814 2280 2206 2349 conceptum
2253 2267 2335 2346 ¹).
2378 2268 2454 2327 In
2487 2265 2629 2349 ejus
2660 2286 2847 2328 enar-

1304 2395 1328 2408 ’·
1350 2371 1572 2433 randis
1610 2367 1970 2431 sceleribus
1987 2381 2051 2430 et
2078 2382 2347 2450 stupore
2377 2367 2662 2453 ingenii,
2709 2387 2840 2452 quo

1346 2472 1514 2534 nihil
1555 2491 1686 2532 non
1734 2455 2107 2546 attentavit,
2164 2469 2332 2531 nihil
2365 2489 2498 2531 non
2537 2468 2660 2530 sibi
2692 2488 2841 2551 per·

1357 2575 1628 2639 missum
1657 2568 2111 2646 arbitrabatur,
2156 2571 2313 2633 nolo
2333 2589 2478 2633 esse
2498 2569 2840 2654 prolixior,

1348 2673 1526 2760 quod
1541 2694 1768 2735 eorum
1811 2673 2139 2754 potiorem
2164 2672 2508 2754 partemin
2548 2668 2850 2754 ipsorum'

1349 2796 1699 2838 numerum
1746 2773 2184 2855 explicatione
2242 2771 2372 2852 jam
2444 2791 2843 2834 commemo·

1349 2876 1512 2939 ravi.
1559 2872 1755 2968 Quod
1784 2885 2000 2934 tamen
2036 2892 2118 2933 eo
2168 2872 2532 2954 imperante
2583 2873 2842 2956 integra

1351 2977 1535 3039 stetit
1612 2973 2017 3056 respublica,
2099 2973 2258 3056 ipsis
2326 2973 2840 3054 provincialibus

1354 3073 1638 3149 Mauris,
1718 3073 1950 3145 Dacis,
2024 3073 2415 3148 Pannoniis,
2488 3073 2841 3150 Britannis,

1353 3174 1699 3237 Germanis
1762 3174 1902 3256 ejus
1954 3170 2333 3256 imperium*
2369 3175 2840 3251 recusantibus,

1353 3275 1529 3336 istud
1596 3275 2059 3358 praestantium
2154 3274 2391 3336 ducum
2462 3276 2845 3351 Pertinacis,

1355 3375 1621 3446 Severi,
1667 3375 2021 3438 Pescennii
2046 3375 2278 3462 Nigri,
2322 3377 2553 3441 Albini
2595 3375 2842 3451 virtuti,

1353 3492 1422 3540 et
1525 3476 1681 3540 fidei
1781 3476 2165 3542 debebatur.
2328 3479 2479 3560 Ipse
2587 3478 2844 3540 interea

1355 3582 1423 3640 in
1484 3581 1723 3663 ignavo
1780 3581 2030 3640 Romae
2096 3579 2231 3641 otio
2304 3577 2639 3653 consedit,
2716 3575 2846 3638 nisi

1354 3680 1535 3764 quod
1571 3701 1753 3741 arma
1771 3678 1864 3740 ibi
1892 3679 2107 3741 nonin
2136 3679 2437 3743 animalia
2452 3679 2671 3753 mode,
2701 3678 2845 3740 fera

1362 3777 1642 3863 perinde
1680 3792 1754 3842 a‘c
1775 3794 2132 3853 mansueta,
2162 3779 2278 3842 sed
2304 3779 2603 3842 homines
2624 3779 2845 3856 etiam,

1357 3881 1556 3945 modo
1609 3880 1844 3944 divites
1891 3893 2148 3955 essent,
2204 3894 2316 3944 aut
2365 3880 2489 3943 sibi
2538 3881 2846 3965 suspecti,

1355 3983 1705 4058 convertit,
1748 3982 1996 4047 indicto
2028 3982 2225 4045 etiam
2264 3981 2597 4051 mensibus
2640 3982 2849 4059 helle,

1358 4086 1594 4167 quibus
1630 4105 1752 4170 pro
1794 4099 2053 4160 vetere,
2115 4097 2184 4146 et
2215 4097 2485 4167 recepta
2537 4084 2865 4148 hactenus.

1357 4187 1800 4270 appellatione
1873 4185 2232 4250 seeundum
2300 4184 2538 4247 Dionis
2601 4182 2851 4259 coaevi,

1358 4300 1428 4348 et
1481 4290 1733 4348 Romae
1782 4286 2148 4367 praesentis
2195 4285 2643 4348 testimonium
2686 4284 2853 4349 haec

1357 4385 1597 4448 indidit
1651 4385 1948 4448 nomina:
2027 4391 2470 4465 Amazonius,
2541 4390 2852 4463 Invictus,

1359 4490 1546 4550 Felice
1567 4530 1585 4561 ,
1647 4490 1841 4562 Pius,
1885 4491 2157 4565 Lucius,
2214 4492 2473 4565 Aelim,
2533 4493 2860 4565 Aurelius,

2567 460 2625 538 C
2653 459 3256 584 oMMoqnvs,

2959 649 3362 714 Commius,
3428 646 3791 725 Ama-etus,
3832 646 4279 720 --Herculm‚
4330 649 4432 710 Ro-

2955 768 3184 810 manus
3202 790 3219 821 ,
3298 747 3825 825 Exuperatore'us.
3902 744 4139 831 Atque
4180 743 4436 815 -infama

2954 845 3131 930 istud
3163 853 3525 909 monstrum
3549 887 3569 920 ,
3613 844 3965 930 aliquoties
4014 847 4278 911 insidiis
4321 850 4437 914 fru-

2957 954 3090 1030 stra
3125 947 3421 1031 petitum,
3461 948 3743 1032 denique
3773 949 4439 1032 conspirationum-s

2957 1049 3096 1111 ciae
3128 1046 3375 1110 amicae
3400 1091 3417 1123 ,
3477 1063 3546 1113 et
3592 1051 3990 1115 Amazoniae
4033 1072 4201 1114 suae
4238 1054 4437 1136 periit,

2956 1168 3122 1235 quae
3177 1143 3325 1212 cum
3373 1148 3441 1210 in
3475 1152 3684 1233 puelli
3716 1153 4099 1215 Commodo
4153 1153 4437 1235 percha-i

2962 1271 3159 1314 manu
3202 1249 3968 1338 adverteret-tabellam,
4021 1275 4229 1338 quam
4274 1256 4327 1314 is
4358 1256 4444 1317 illi

2959 1352 3351 1425 dormienti,
3412 1365 3487 1414 ut
3519 1372 3667 1416 cum
3703 1354 4173 1432 illa‘luderet,
4222 1354 4445 1419 subu-a·

2958 1455 3090 1528 xit,
3154 1467 3348 1537 atque
3390 1452 3459 1514 in
3514 1473 3591 1515 ea
3631 1474 3702 1516 se
3756 1475 4025 1540 quoque
4068 1455 4159 1519 ad
4200 1457 4444 1519 caedem

2960 1553 3363 1638 designatam
3414 1553 3708 1638 legeret,
3779 1557 4025 1620 eodem
4090 1557 4309 1620 adhue
4353 1545 4441 1621 vess

2954 1675 3180 1740 spere,
3255 1655 3368 1739 qui
3414 1656 3542 1720 fuit.
3597 1659 3750 1720 anni
3800 1659 3995 1740 hujus
4059 1648 4441 1743 postremus,

2954 1758 3234 1841 primum
3258 1776 3580 1819 venenum
3599 1759 3957 1822 Commodo
3983 1760 4263 1835 obtulit,
4288 1781 4440 1824 cum-

2960 1879 3088 1943 que
3119 1859 3175 1920 is
3211 1857 3379 1918 illud
3394 1857 3716 1937 rejectare
3733 1859 4105 1943 inciperet,
4155 1862 4299 1942 ejus
4330 1862 4444 1923 fau-

2960 1965 3072 2023 c'es
3096 1978 3229 2046 ‘per
3262 1960 3645 2021 arcessitum
3676 1960 4122 2043 gladiatorem
4155 1962 4313 2025 elidi
4330 1961 4440 2043 jus·

2960 2063 3067 2126 sit.
3155 2060 3366 2143 Igitur
3419 2061 3885 2137 Commodus,-
3932 2065 4051 2146 qui
4101 2064 4443 2128 Domitiani

2960 2163 3254 2225 moribus
3293 2161 3488 2238 vixit,
3537 2163 3818 2225 similem
3851 2165 4051 2227 etiam
4095 2165 4437 2228 exitumre·

2958 2266 3175 2348 perit,
3252 2264 3591 2346 utriusque
3652 2264 3904 2352 insidiis
3966 2287 4103 2332 suo.
4165 2268 4434 2349 ipsorum

2954 2365 3155 2450 capiti
3186 2364 3491 2426 fatalibus
3523 2386 3558 2425 a
3577 2364 3805 2453 puello
3838 2367 3931 2427 nil
3965 2369 4104 2431 tale
4121 2367 4429 2452 cogitante

2955 2466 3235 2550 proditis
3268 2464 3352 2545 ¹²).
3430 2466 3592 2546 Ejus
3650 2465 3866 2529 audita
3903 2486 4072 2531 nece
4115 2488 4353 2550 corpus
4374 2480 4434 2527 ut

2956 2585 3128 2629 unco
3184 2566 3589 2642 traheretur,
3652 2581 3720 2630 et
3765 2568 3832 2628 in
3867 2569 4173 2633 Tiberim
4215 2568 4426 2650 abjice·

2955 2681 3179 2743 retur,
3242 2690 3367 2730 una
3402 2688 3569 2730 voce
3601 2670 3956 2751 postulavit
3988 2685 4294 2745 senatus,
4334 2686 4432 2750 po·

2955 2770 3280 2853 pulusque
3304 2816 3321 2846 ,
3370 2783 3564 2852 atque
3614 2783 3715 2832 est
3748 2789 3990 2855 operae
4035 2772 4323 2855 pretium
4349 2770 4426 2832 le·

2957 2890 3118 2953 gere
3157 2869 3329 2954 apud
3357 2870 3805 2953 Lampridium
3844 2886 4104 2956 patrum
4135 2873 4429 2936 adclama-

2958 2971 3210 3049 tiones,
3287 2971 3521 3056 quibus
3566 2970 3809 3035 funesti
3855 2976 4145 3037 hominis
4208 2991 4426 3036 memo·

2956 3072 3122 3135 riam
3164 3073 3705 3151 exsecrabantur,
3768 3089 3835 3138 et
3883 3078 4290 3154 cum‚vivum
4315 3092 4427 3133 non

2958 3173 3277 3236 haberent
3296 3216 3314 3249 ,
3337 3153 3689 3237 ’mortuum
3718 3176 3800 3237 ad
3819 3196 4099 3259 poenam
4140 3176 4425 3261 deposce·

2958 3275 3132 3337 bant.
3193 3279 3276 3336 At
3306 3275 3615 3337 Pertinax
3640 3276 3771 3358 jam
3801 3291 3940 3339 tum
3985 3279 4204 3343 dietus
4246 3280 4428 3358 impe·

2952 3389 3141 3439 rator
3183 3395 3332 3439 eum
3386 3376 3654 3459 sepeliri
3703 3379 4025 3462 primum,
4091 3377 4324 3443 deinde
4370 3374 4426 3435 in

2956 3477 3272 3540 Hadriani
3292 3492 3783 3541 monumentum
3813 3481 4047 3543 inferri
4082 3482 4291 3563 jussit.
4340 3474 4426 3534 De

2960 3577 3104 3661 ejus
3143 3579 3637 3641 consecratione
3667 3595 3900 3665 agetur
3933 3582 4126 3645 infra.
4170 3580 4324 3661 Ejus
4351 3575 4423 3634 vi·

2958 3692 3092 3741 tam
3126 3678 3457 3762 scripsere
3498 3680 3951 3765 Lampridius,
4011 3686 4185 3760 Dio,
4243 3685 4427 3746 Hero·

2960 3778 3190 3842 dianus
3209 3823 3227 3853 ,
3271 3794 3535 3861 praeter
3565 3783 3844 3846 aliorum
3875 3786 4291 3867 compendia:

3087 3881 3273 3947 onr
3310 3884 3632 3961 Crispina,
3679 3884 3764 3950 de
3799 3907 3927 3970 qua
3955 3887 4149 3950 infra.

3697 4086 3736 4125 ¹·

2962 4184 3043 4248 A.
3240 4185 3321 4248 1..
3363 4127 3573 4248 AELf
3594 4131 3912 4257 AVREtf.
3951 4185 4419 4255 commus..

3248 4288 3327 4350 P.
3377 4288 3570 4349 FEL.
3659 4293 3860 4370 Caput
3902 4294 4085 4354 vario
4150 4293 4330 4356 cultri
4355 4291 4414 4348 ἐι

3157 4388 3163 4401 ”
3251 4393 3425 4450 emm·
3453 4393 3709 4452 metallo
3730 4403 3795 4452 et
3816 4394 4054 4472 forma.

2978 4487 3054 4547 B.
3258 4490 3334 4551 1..
3374 4489 3642 4562 AELIV
3645 4492 3716 4555 S.
3743 4495 4203 4566 AVRELIVS.
4235 4492 4419 4561 COM—

1367 4687 1371 4690 Δ
1462 4700 1526 4766 a)
1569 4695 1823 4776 Capitol.
1861 4695 1924 4757 in
1957 4694 2165 4757 Aurel-
2203 4715 2259 4756 c.
2292 4709 2377 4770 19.

2525 4695 2596 4769 b)
2633 4695 2745 4756 Dio
2780 4693 2848 4756 L.
2872 4692 3111 4757 LXXII.
3149 4696 3201 4770 ς.
3227 4704 3313 4760 15.

4614 4430 4615 4439 ⁴
4608 4046 4617 4407 ΛΑ-,Ή-μᾷψ-ἡῆᾃ
4612 3992 4613 4005 ᾼ
