4652 5937
1293 502 1434 571 152
2227 472 2986 555 PESCENNIVS
3083 469 3473 550 NIGER.

2609 746 2725 809 PR
2744 748 2804 808 Ε
2823 746 2923 807 T1
2944 747 3092 807 VM

1692 853 2029 918 commatis
2076 850 2354 912 Romani
2367 870 2392 909 .·

1894 951 2099 1018 Aurei
2229 995 2247 1014 .
2337 992 2356 1014 .
2443 994 2465 1013 .
2550 993 2569 1015 .
2657 990 2675 1008 .
2762 989 2782 1008 .
2870 991 2890 1010 .
2973 987 2992 1008 .
3081 992 3101 1011 .
3185 988 3208 1009 .
3293 989 3315 1011 .
3405 989 3424 1010 .
3478 958 3489 967 “
3515 976 3534 1009 .·
3619 983 3637 1024 q
3722 944 4003 1007 RRRR.

1885 1051 2208 1137 Argentei
2339 1079 3639 1126 ................
3717 1045 3932 1112 RRR.

1734 1157 1741 1164 “
1811 1208 1830 1224 ,
1885 1150 2097 1217 Aenei
2130 1153 2179 1212 1.
2214 1151 2469 1214 formae
2545 1191 2565 1210 .
2653 1193 2671 1212 .
2760 1195 2780 1214 .
2868 1195 2886 1213 .
2976 1196 2994 1216 .
3083 1194 3101 1214 .
3187 1190 3636 1222 .....
3718 1147 3873 1213 RB.

1873 1252 2087 1315 Aenei
2124 1254 2206 1315 11.
2244 1253 2499 1325 formae
2644 1298 2668 1318 .
2753 1293 2773 1312 .
2860 1297 2881 1317 .
2968 1298 2987 1319 .
3074 1263 3638 1320 .......
3718 1249 4006 1315 nRRR.

1785 1365 1790 1368 '
1883 1353 2089 1418 Aenei
2126 1354 2206 1414 11.
2241 1361 2307 1416 et
2343 1357 2459 1421 111.
2492 1353 2747 1419 formae
2816 1433 2819 1438 μ
2864 1389 3634 1418 .........
3722 1347 3805 1417 Ο.

1674 1460 2022 1550 'fortunatis
2058 1461 2410 1538 per-cyrini.
2812 1451 2813 1454 ’

1883 1556 2311 1641 Cypriorum,
2360 1557 2418 1619 si
2454 1558 2815 1643 genuinuS,
2861 1565 2935 1619 ut
2971 1553 3107 1618 di‘xi
3181 1598 3217 1617 .-
3287 1599 3305 1619 .
3396 1593 3416 1622 ι
3507 1597 3526 1617 .
3615 1597 3633 1615 .

2262 1810 2954 1873 PESCENNIVS
3036 1810 3403 1874 NIGER.-

1403 2009 1475 2071 C.
1515 2005 1868 2069 Pescennii
1906 2004 2097 2090 Nigri
2140 2025 2301 2090 gens
2335 2003 2593 2090 Aquino
2648 2002 2781 2064 ori-

1281 2108 1492 2184 unda,
1557 2106 1741 2189 cnjus
1774 2122 2146 2169 curatorem
2193 2128 2351 2172 avus
2399 2106 2555 2190 egit.
2628 2106 2776 2187 Ipse

1276 2199 1658 2296 parentibus
1709 2209 1987 2272 modicis
2047 2224 2275 2285 natus,
2339 2223 2526 2293 patre
2563 2204 2775 2268 Annio

1279 2315 1538 2386 Fusco,
1587 2324 1792 2372 matre
1822 2312 2198 2395 Lampridia
2231 2313 2317 2391 n).
2399 2313 2559 2373 Post
2599 2307 2775 2370 varia

1278 2412 1553 2474 militiae
1586 2412 1804 2474 munia
1859 2432 2008 2474 cum
2054 2413 2248 2476 laude
2284 2411 2460 2475 obita
2515 2432 2551 2494 a
2584 2411 2774 2471 Com-

1278 2513 1480 2594 modo
1536 2509 1903 2575 declaratus
1958 2517 2188 2575 consul
2220 2513 2284 2592 b)
2356 2533 2430 2574 ac
2489 2510 2773 2593 denique

1275 2612 1597 2686 exercitui
1619 2613 1888 2694 Syriaco
1909 2612 2320 2697 praepositus
2351 2627 2452 2675 est
2484 2612 2564 2692 0).
2612 2613 2775 2673 Cae-

1281 2734 1355 2775 so
1417 2735 1452 2775 a
1523 2714 1839 2776 militibus
1889 2714 2279 2787 Pertinace,
2351 2714 2771 2797 cognitoque,

1272 2815 1594 2876 Iulianum
1615 2859 1634 2890 ‚
1681 2814 1858 2899 quod
1878 2835 1997 2898 per
2019 2813 2460 2877 execrabilem
2498 2814 2773 2896 emptio-

1275 2936 1427 2979 nem
1485 2917 1920 3000 principatum
1982 2917 2389 2998 arripuerat,
2469 2915 2771 2977 omnibus

1280 3018 1494 3100 palam
1538 3017 1866 3078 redditum
1930 3017 2251 3091 invisum,
2330 3038 2465 3077 non
2522 3016 2775 3078 dubita-

1278 3103 1375 3179 vit
1419 3114 1710 3178 oblatum
1753 3115 1876 3176 sibi
1938 3138 1973 3177 a
2025 3115 2401 3199 legionibus
2465 3116 2598 3178 suis
2656 3115 2778 3177 im-

1279 3218 1536 3299 perium
1585 3237 1907 3300 occupare
1941 3214 2025 3296 d).
2104 3219 2194 3278 Et
2243 3216 2561 3279 tenuisset
2608 3215 2775 3278 illud

1284 3320 1542 3400 quiete,
1605 3319 1662 3380 si
1715 3338 1834 3407 per
1881 3319 2197 3403 populum
2231 3322 2599 3381 Romanum
2649 3332 2779 3380 ste-

1291 3421 1505 3496 tisset,
1552 3421 1663 3504 qui
1715 3420 1966 3483 Iuliano
2011 3441 2232 3484 coram
2278 3441 2412 3480 non
2458 3418 2775 3483 dubitavit

1289 3521 1547 3584 sublato
1599 3520 1887 3583 clamore
1918 3520 2196 3604 Nigrum
2244 3521 2368 3582 sibi
2408 3523 2774 3606 principem

1281 3638 1347 3685 et
1391 3627 1756 3706 Augustum
1806 3623 2166 3705 deposcere
2200 3622 2279 3702 ι’).
2393 3624 2496 3685 Eo
2546 3623 2778 3706 populi

1288 3725 1549 3787 adfectu
1581 3722 1848 3807 segnior
1886 3723 2095 3785 otiose
2131 3724 2271 3807 ipse
2309 3720 2613 3787 desidere
2644 3718 2775 3796 Aue

1285 3812 1608 3901 tiochiae,
1654 3823 1865 3886 donec
1913 3843 2177 3887 caesum
2223 3825 2583 3901 Iulianum,
2643 3828 2775 3888 Ro-

1284 3945 1592 4009 mamque
1641 3925 1858 3988 teneri
1907 3947 1943 3987 a
1993 3927 2281 4000 Severo,
2357 3942 2550 4011 atque
2598 3928 2772 3991 hunc

1286 4027 1534 4089 bellum
1558 4026 1905 4090 adversum
1931 4047 2001 4089 se
2033 4048 2265 4110 parare
2287 4028 2555 4093 audivit.
2600 4034 2772 4090 Tum

1283 4150 1445 4192 vero
1490 4127 1790 4203 omnibus
1828 4127 1912 4192 ad
1950 4129 2389 4192 resistendum
2433 4149 2777 4213 praepara-

1288 4230 1414 4306 tis,
1484 4231 1839 4311 Byzantio,
1898 4229 2173 4316 aliisque
2233 4229 2429 4293 Asiae
2481 4230 2772 4305 urbibus,

2896 2019 2964 2067 et
2989 2004 3193 2068 Tauri
3243 2001 3560 2087 angustiis
3593 2000 3925 2085 praesidio
3982 1999 4243 2064 munitis
4264 2001 4359 2061 Ae·

2896 2107 3233 2168 milianum
3293 2126 3441 2167 cum
3494 2103 3791 2166 exercitu
3837 2084 4222 2186 praemisit}
4271 2099 4358 2162 secl

2892 2209 3021 2272 hoc
3066 2208 3148 2269 ad
3184 2207 3498 2289 Cyzicum
3530 2206 3707 2268 victo
3756 2224 4092 2289 caesoque
4126 2203 4353 2266 alteram

2889 2330 3120 2372 rursus
3180 2310 3389 2372 aleam
3446 2306 3530 2368 ad
3587 2306 3796 2368 sinum
3862 2307 4180 2378 Issicum,
4257 2321 4357 2387 quo

2892 2410 3050 2472 olim
3073 2410 3225 2473 loco
3262 2407 3500 2470 Darius
3537 2429 3685 2471 cum
3706 2408 4094 2470 Alexandro
4129 2409 4209 2468 M„
4233 2423 4352 2467 con·

2888 2510 3091 2587 flixit,
3171 2532 3320 2574 cum
3386 2512 3646 2572 aemulo
3711 2509 4010 2593 experiri
4074 2504 4352 2574 decrevit,

2892 2612 3078 2694 cujus
3113 2629 3370 2695 pugnae
3408 2609 3464 2670 is
3495 2609 3620 2671 suit
3659 2613 3871 2673 exitus
3895 2655 3914 2687 ‚
3978 2623 4052 2671 ut
4090 2607 4252 2669 edita
4277 2605 4349 2664 in·

2893 2728 3090 2797 gente
3142 2713 3450 2797 utrinque
3503 2711 3705 2774 caede
3761 2711 3907 2796 ipse
3959 2710 4239 2793 denique
4280 2699 4352 2766 in·

2886 2815 3094 2877 serior
3138 2813 3294 2897 suga
3346 2812 3425 2876 ad
3463 2813 3868 2897 Euphratem
3918 2810 4342 2876 contenderet,

2889 2915 3004 2978 sed
3050 2929 3374 2978 retractus
3414 2938 3449 2978 a
3482 2915 3854 2978 Seven-iunia
3894 2927 4117 2977 morte
4152 2907 4348 2974 adfice·

2886 3030 3090 3079 retur.
3162 3016 3325 3099 Ejus
3368 3030 3562 3100 caput
3607 3038 3642 3078 a
3702 3016 3957 3080 Severo
3995 3012 4346 3098 Byzantium

2887 3119 3199 3203 missum,
3278 3130 3345 3178 et
3392 3119 3543 3200 palo
3599 3116 3965 3199 praefixum
4019 3111 4342 3201 oppidanis,

2889 3232 2962 3280 ut
3002 3218 3428 3301 pertinaciam
3495 3218 3563 3285 in
3608 3217 3983 3282 resistendo
4041 3224 4345 3302 ponerent·

2893 3333 3285 3382 ostentatum
3333 3317 3406 3400 ἲ).
3496 3322 3712 3404 Atque
3766 3320 3943 3384 hunc
3998 3321 4070 3381 in
4115 3308 4342 3379 modum

2889 3418 3088 3484 vitam
3128 3432 3276 3484 cum
3321 3421 3601 3504 imperio
3644 3418 3811 3483 finiit
3844 3422 4061 3502 Niger
4110 3436 4263 3481 anno
4284 3412 4347 3475 V.

2893 3524 2963 3586 C.
3001 3534 3147 3604 947.
3205 3523 3305 3585 rei
3338 3522 3635 3585 militaris
3668 3522 3922 3606 peritus
3962 3520 4255 3603 egregie,
4295 3525 4345 3573 et

2888 3637 3163 3708 propter
3193 3623 3577 3706 disciplinae
3603 3637 3813 3698 artes,
3851 3645 3978 3707 qua
4016 3618 4344 3686 exercitum

2888 3724 3178 3787 retinere
3213 3725 3279 3786 in
3313 3723 3534 3799 officio
3566 3724 3783 3800 novit,
3829 3725 3911 3787 ab
3945 3726 4096 3810 ipso
4134 3724 4343 3784 Severo

2889 3827 2956 3887 in
3008 3826 3223 3909 pretio
3268 3826 3526 3889 habitus
3558 3827 3660 3905 g),
3725 3841 4021 3889 ceterum
4087 3819 4341 3889 moribus

2889 3927 3116 4005 ferox,
3178 3942 3245 3991 et
3300 3926 3655 3989 effrenatae
3704 3929 3790 3990 ad
3823 3948 4016 3991 omne
4067 3920 4340 4009 cupidita·

2888 4040 3025 4090 tum
3066 4048 3270 4112 genus
3301 4027 3592 4090 libidinis
3624 4026 3710 4110 Β).
3801 4088 3819 4100 ,

2998 4114 3119 4192 ’Ἐκ
3149 4152 3356 4192 uxore
3371 4131 3597 4216 plures
3628 4129 3854 4192 habuit
3878 4129 4131 4194 liberos
4150 4174 4168 4208 ,
4207 4135 4338 4209 (1⁰⁰⁸

2892 4231 3179 4294 Severus
3228 4231 3482 4295 bellum
3530 4232 3877 4317 inpatrem
3916 4255 4156 4317 parans
4202 4235 4347 4290 arcte

1351 4552 1414 4622 a)
1455 4548 1748 4625 spartian.

1282 4637 1342 4693 in
1371 4630 1649 4700 Poscenti.
1680 4651 1739 4696 et
1767 4630 2005 4709 Severo.

1279 4724 1599 4784 Herodian.
1749 4733 1810 4805 g]
1851 4730 2146 4807 Spartiau.
2183 4752 2231 4790 c.
2265 4747 2317 4800 3.

1891 4550 1963 4623 b)
2002 4550 2298 4631 spartian.
2341 4572 2395 4615 c.
2420 4558 2471 4614 4.
2513 4551 2837 4612 Herodian.
2878 4538 3293 4612 in'Pertinace.
3421 4556 3481 4627 c)
3516 4551 3670 4612 Ibid.
3705 4573 3753 4611 c.
3791 4567 3840 4612 1.

2187 4648 2247 4716 e)
2288 4640 2586 4719 Spartian.
2626 4663 2676 4700 c.
2708 4654 2760 4703 2.
2798 4642 3120 4703 Herodian.
3155 4645 3217 4703 in
3248 4644 3462 4705 Pertin.

2466 4732 2540 4808 h)
2582 4731 2734 4791 lbid.
2775 4753 2825 4792 c.
2861 4748 2911 4793 1.
3006 4786 3013 4791 .

3973 4552 4045 4626 d)
4084 4544 4341 4628 Spartian.

3610 4646 3661 4718 i)
3697 4642 3813 4702 Dio
3844 4643 3908 4701 L.
3940 4639 4205 4703 LXXIV.
4241 4637 4267 4711 ξ
4300 4642 4338 4696 Y·
