4652 5937
1526 432 2227 562 COMMODVS.

250 599 349 662 rit
385 600 877 682 Commodus,
925 615 1278 699 praecipue
1312 627 1461 698 post
1487 613 1814 679 detectam

253 702 612 768 Lucinae
669 711 924 773 sororis
978 717 1321 780 adversum
1386 737 1458 779 se
1519 717 1817 799 conjura-

3273 479 3420 558 119,

1957 683 1961 690 ,
2057 622 2306 687 Omnes
2352 625 2425 687 hi
2474 628 2611 691 Iani
2639 633 2881 714 gemini
2928 639 3109 700 numi
3140 627 3413 727 propter

1928 721 2356 805 elegantiam,
2402 742 2470 790 et
2518 733 2845 796 raritatem
2892 723 3409 823 commendandi,

256 801 589 881 tionem,
648 829 981 929 quamque
1023 816 1140 879 ille
1184 819 1251 881 in
1285 819 1610 882 illustrem
1639 819 1813 882 hunc
1926 823 2052 886 etsi
2080 844 2308 889 eorum
2352 849 2658 894 cusoium
2711 855 2901 897 causa
2936 838 3153 902 lateat.
3214 845 3414 909 Vide-

251 902 610 968 ordinem
652 910 868 973 caesis
901 914 1041 996 ejus
1057 917 1216 986 viris
1241 920 1811 1001 praestantissimis

257 1015 417 1067 toto
451 1004 861 1096 deinceps
842 1015 1103 1097 imperii
1146 1032 1445 1102 tempore
1482 1021 1808 1097 saevierit,

258 1104 559 1169 abunde
647 1128 922 1176 narrant
1000 1118 1447 1201 Lampridius,
1543 1121 1806 1205 aliique.

265 1204 519 1301 Quare
555 1211 621 1271 si
644 1228 912 1276 senatus
929 1214 997 1276 in
1028 1240 1226 1280 numo
1245 1223 1394 1282 anni
1412 1221 1809 1307 praeceden-

258 1306 354 1367 tis
399 1311 620 1371 Pium
656 1333 733 1374 se
762 1314 832 1376 in
868 1316 1366 1401 imperatorem,
1413 1342 1694 1407 eumque
1735 1325 1806 1383 in

263 1409 505 1471 munis
533 1417 1015 1493 praesentibus
1046 1425 1296 1484 Patrem
1325 1428 1604 1486 Senatus
1620 1423 1807 1499 dixit,

272 1521 487 1594 atque
547 1513 734 1577 alias
784 1536 856 1578 se
890 1518 1100 1601 ipsum
1136 1528 1650 1588 Commodianum
1696 1548 1805 1608 ap·

267 1611 576 1693 pellavit
629 1615 693 1694 ⁸)
715 1660 732 1691 ,
815 1634 995 1683 metu
1061 1623 1131 1683 id
1195 1626 1412 1708 potius
1471 1641 1802 1689 extortum

271 1710 453 1790 fuit,
528 1716 866 1779 nimirum
918 1735 990 1783 ut
1040 1720 1229 1787 fictae
1271 1727 1530 1809 pietatis
1580 1727 1801 1812 specie

274 1815 475 1890 velut
513 1816 797 1898 objecta
834 1819 962 1882 offa
993 1823 1233 1888 infame
1270 1841 1632 1890 monstrum
1666 1829 1806 1911 pla-

279 1928 496 1977 caret.
583 1922 766 1980 Nam
800 1923 943 2006 quis
975 1923 1175 1989 fuerit
1201 1942 1682 2011 patrumverus
1719 1931 1802 1993 de

286 2035 371 2076 eo
398 2037 690 2094 sensus,
754 2036 905 2106 post
958 2025 1099 2107 ejus
1133 2029 1484 2091 violentam
1521 2045 1802 2094 mortem

288 2116 512 2197 palam
551 2119 814 2184 factum
837 2167 854 2199 ,
900 2140 969 2188 ut
990 2127 1371 2191 docebimus
1400 2131 1591 2195 infra.
1650 2133 1806 2196 Fuit

293 2230 522 2279 tamen
566 2219 878 2305 temp‘us,
941 2247 1071 2309 quo
1106 2245 1397 2293 senatum
1435 2232 1806 2294 nominibus

298 2319 472 2395 suis,
519 2341 775 2406 nempe
815 2328 1249 2391 Commodiani
1282 2337 1548 2410 Felicis,
1589 2334 1809 2416 appel-

297 2419 496 2494 lavit,
564 2437 644 2483 ut
699 2423 910 2486 refert
945 2428 1074 2489 Dio
1107 2426 1192 2510 b).
1249 2435 1557 2495 Ceterum
1592 2436 1808 2497 Patris

305 2523 597 2584 Senatus
629 2545 876 2587 nomen
901 2548 1302 2614 nequaquam
1334 2534 1594 2617 imperii
1618 2537 1808 2598 Com-

304 2620 602 2684 modiani
661 2621 998 2690 inventum
1061 2645 1188 2693 est
1182 2633 1581 2716 putandum.
1639 2638 1804 2698 Nam
1918 2652 1924 2658 '

312 2721 572 2784 Claudii
626 2724 761 2807 jam
808 2747 972 2793 aevo
1015 2735 1285 2797 tentavit
1334 2736 1630 2819 irrepere
1664 2758 1807 2797 nar·

307 2835 498 2884 rante
543 2827 782 2889 Tacito
817 2830 907 2906 (ὓς
961 2835 1054 2895 Ob
1090 2855 1169 2894 ea
1204 2839 1287 2896 1’“
1260 2841 1549 2916 ipsanius
1586 2839 1813 2899 consul

315 2928 567 2999 retulit,
665 2930 931 2993 Patrem
1000 2932 1274 2999 Senatus
1359 2941 1807 3018 appellandum

317 3045 453 3087 esse
487 3030 832 3093 Claudium
849 3077 864 3107 ,
911 3039 1138 3116 quippe
1158 3043 1808 3117 promiscuumpatris

312 3130 571 3201 p'atriae
610 3146 1128 3211 coquomentum3
1172 3160 1340 3201 nova
1382 3145 1451 3200 in
1479 3143 1812 3220 rempubli-

320 3243 461 3285 cam
504 3236 742 3293 merita
791 3255 920 3295 non
965 3238 1226 3299 usitatis
1258 3244 1587 3302 vocabulis
1619 3245 1811 3302 hono·

297 3333 554 3403 sanda.
622 3333 756 3394 Sed
803 3334 982 3397 addit
1019 3336 1213 3397 etiam
1254 3339 1638 3414 historicus,
1696 3359 1811 3401 no-

323 3448 473 3489 men
508 3431 690 3494 istud
726 3457 761 3495 a
805 3436 1101 3519 principe
1134 3453 1523 3502 recusatum.
1581 3439 1806 3502 Serius

324 3528 635 3595 Balbinus
653 3554 915 3618 quoque
934 3581 950 3612 ‚
989 3552 1055 3600 et
1071 3542 1401 3623 Pupienus
1432 3540 1591 3605 dicti
1618 3540 1807 3604 fuere

326 3630 555 3696 Patres
591 3635 891 3701 Senatus.

1032 3793 1068 3831 θ

866 3834 904 3872 1*

613 3894 698 3951 Vt
738 3894 834 3954 lit.
871 3896 956 3957 A.
989 3905 1056 3957 et
1088 3898 1165 3954 D.

333 3989 501 4051 PM.
524 3995 663 4054 TR.
682 3995 755 4054 P.
771 3996 1103 4057 X11.1MP.
1122 3999 1295 4064 VIII.
1328 3998 1516 4061 COS.
1536 4000 1612 4067 V.
1632 4001 1704 4058 P.
1726 4000 1800 4059 P.

229 4170 230 4173 Ἴ
334 4091 520 4152 Ianus
543 4099 836 4173 yeminus
872 4109 1049 4160 stam
1080 4102 1150 4159 in
1183 4103 1410 4177 templo
1440 4103 1697 4179 distylo,
1739 4102 1802 4159 d·

336 4191 592 4258 kastam.
629 4198 920 4262 AV.AE.
954 4220 1120 4263 max.
1148 4200 1320 4263 mod.
1363 4203 1561 4281 (Mus.
1581 4200 1800 4279 Caes.)

609 4300 693 4357 Vt
730 4299 825 4359 lit.
857 4303 933 4359 D.

335 4393 563 4456 Eadem
607 4401 967 4479 epiqraploe.
1034 4396 1231 4481 Caput
1261 4406 1412 4464 Iani
1451 4404 1794 4483 yeminum.

337 4489 456 4554 ΑΕ.
483 4517 644 4559 max.
676 4498 849 4561 mod.
908 4502 1109 4583 (Mus.
1142 4503 1413 4584 Medic.)

1193 3839 1232 3877 fi

1922 936 2034 984 tur
2062 924 2173 988 hic
2202 928 2341 989 Iani
2376 932 2592 995 cultus
2645 934 2714 995 in
2752 936 3112 1004 Commodo
3152 959 3406 1025 partem

1923 1027 2198 1088 Pietatis
2213 1032 2669 1110 constituisse,
2700 1037 2884 1118 cujus
2901 1059 3050 1102 eum
3067 1051 3407 1117 Auctorem

1924 1122 2169 1188 dictum
2206 1132 2515 1194 continuo
2551 1134 2848 1199 vidimus.
2897 1140 3209 1234 Quanto’
3193 1168 3245 1207 is
3263 1147 3406 1210 fue·
3454 1167 3477 1186 s

1923 1225 2011 1286 1it
2054 1228 2123 1287 in
2173 1231 2394 1293 Ianum
2445 1233 2743 1313 adfectu,
2788 1240 3037 1323 patebit
3086 1265 3168 1306 ex
3200 1269 3404 1310 numo

1921 1326 2214 1408 ejusdem
2263 1334 2816 1415 museiMedicei,
2877 1362 3070 1425 quem
3110 1366 3261 1407 mox
3307 1349 3405 1408 in-

1917 1426 2017 1488 fra
2076 1429 2439 1494 describam
2462 1478 2479 1509 ,
2543 1437 2609 1497 in
2672 1439 2857 1520 cujus
2913 1444 3121 1505 antica
3187 1447 3403 1530 ipsum

1920 1515 2263 1592 Commodi
2295 1548 2488 1616 caput
2519 1539 2847 1619 geminum
2881 1543 2948 1603 in
2981 1545 3117 1607 Iani
3148 1568 3399 1614 motem

1915 1647 2089 1694 novo
2128 1634 2414 1714 stuporis
2446 1640 2750 1723 exemplo
2779 1645 3197 1727 proponitur.

2475 1844 2514 1884 ι
2638 1805 2678 1843 '⁸
2803 1867 2842 1907 2

2205 1903 2292 1962 Vt
2330 1905 2424 1964 lit.
2454 1908 2539 1967 D.

1916 1996 2275 2065 PROV1D.
2299 2002 2498 2070 AVG.
2517 2007 2591 2066 P.
2613 2009 2699 2065 M.
2723 2020 2837 2069 etc.
2883 2013 3094 2074 Navis
3116 2025 3403 2097 tumente

1917 2101 2077 2160 velo.
2138 2101 2276 2160 ΑΕ.
2309 2124 2474 2165 max.
2508 2105 2683 2167 mod.
2729 2111 2929 2190 (Mus.
2959 2115 3231 2194 Medic.)

2051 2199 2352 2264 Similem
2411 2226 2678 2269 numum
2734 2208 2864 2290 jam
2924 2213 3197 2280 recitavi
3228 2239 3398 2284 anno

1920 2299 2380 2382 praecedente.

2488 2465 2527 2505 ἢ
2652 2425 2692 2464 ὑ
2812 2471 2851 2509 ὕ

2214 2526 2299 2583 Vt
2337 2526 2431 2583 lit.
2470 2527 2549 2585 D.
2599 2529 2801 2605 Caput
2831 2532 3218 2613 laureatum,
3263 2546 3370 2603 vel
3380 2565 3406 2605 .·

2210 2626 2412 2702 Caput
2447 2627 2766 2690 Commodi
2805 2637 3128 2710 yeminum
3160 2641 3410 2705 leiurea-

2180 2733 2339 2806 ‘tum
2372 2729 2441 2785 in
2482 2748 2715 2790 morem
2749 2733 2919 2792 Iani.

1924 2823 2289 2890 TELLVS.
2332 2826 2659 2890 STABIL.
2701 2831 2778 2890 P.
2819 2836 2907 2896 M.
2959 2839 3096 2897 ΤΒ.
3149 2840 3223 2899 Ρ.
3262 2843 3411 2904 ΧΠ.

1922 2925 2099 2986 ΙΜΡ.
2131 2927 2301 2994 vlu.
2350 2927 2537 2992 COS.
2574 2932 2652 2999 V.
2700 2936 2936 2997 Mulier
2969 2939 3148 3000 humi
3186 2947 3412 3008 sedens

1923 3032 1984 3087 d.
1999 3031 2254 3107 qlobmn
2261 3036 2729 3109 praeqrandem
2745 3038 3065 3099 stellatum
3078 3048 3410 3126 contz'nqit,

1924 3149 2108 3208 super
2120 3151 2243 3210 quo
2259 3141 2532 3210 quatuor
2548 3136 2829 3213 virqines
2856 3159 3067 3201 ramos
3088 3155 3414 3221 qestantea

1924 3232 2225 3290 incedunt
2240 3273 2257 3305 ‚
2301 3251 2357 3291 a.
2389 3238 2806 3310 cornucopiae
2836 3249 2901 3297 et
2916 3242 3113 3307 simul
3123 3249 3299 3305 corbi
3316 3252 3412 3308 in-

1924 3333 2127 3404 nixa,
2172 3341 2338 3392 retro
2370 3334 2575 3393 arbor.
2624 3334 2757 3393 ΑΕ.
2791 3356 2958 3399 max.
2988 3340 3164 3407 mod.
3211 3346 3409 3425 (Mus.

1903 3420 2166 3492 'Media
2202 3428 2346 3495 tab..
2367 3430 2468 3505 43.
2513 3445 2579 3493 et
2610 3441 2711 3507 44.
2742 3478 2759 3509 ‚
2805 3436 2885 3498 de
2927 3432 3213 3521 Camps.)

2050 3533 2298 3593 Numos
2364 3552 2512 3596 cum
2561 3534 2757 3595 simili
2820 3537 3283 3622 inscriptione,
3344 3560 3414 3608 et

1924 3644 2078 3714 typo
2124 3630 2404 3695 vidimus
2453 3632 2521 3692 in
2574 3647 2834 3699 moneta
2888 3636 3240 3718 Hadriani,
3304 3649 3410 3708 cui

1924 3752 2010 3794 ex
2045 3751 2206 3794 vero
2245 3731 2483 3795 tributa
2513 3732 2654 3794 laus
2682 3739 2930 3799 telluris
2963 3745 3311 3819 stabilitae,
3348 3761 3413 3809 at

1927 3831 2290 3927 Comtmodo
2307 3853 2429 3913 per
2455 3835 2667 3896 solum
2693 3841 3063 3901 assentandi
3102 3844 3411 3919 studium,

1920 3945 1994 3995 ut
2039 3945 2236 4013 patet.
2321 3934 2425 3995 De
2467 3936 2811 3997 Commodi
2874 3939 3084 4022 capite
3147 3943 3213 4003 in
3273 3947 3433 4017 lani.

1923 4051 2176 4099 morem
2209 4029 2429 4096 efficto
2457 4054 2610 4097 mox
2648 4037 2922 4120 egimus.

2485 4245 2524 4283 ue
2650 4202 2687 4241 Ι.
2758 4230 2851 4286 ἰι

2204 4304 2288 4364 Vt
2331 4305 2426 4366 lit.
2470 4307 2553 4365 A.
2621 4334 2624 4338 Δ

1914 4397 2178 4470 VOTA.
2230 4401 2420 4465 SOL.
2467 4404 2663 4467 DEC.
2700 4408 2772 4467 P.
2828 4412 2916 4470 M.
2967 4412 3104 4476 ΤΒ.
3150 4415 3224 4475 Ρ.
3265 4418 3405 4481 XII.

1914 4505 2091 4566 IMP.
2136 4503 2308 4568 VIII.
2385 4502 2574 4568 COS.
2623 4508 2700 4573 V.
2766 4513 2840 4570 P.
2907 4515 2981 4575 P.
3056 4519 3406 4593 Imperator

353 4620 3405 4663 *ww

421 4689 478 4757 a)
516 4688 814 4766 Lamprid.
855 4710 984 4764 cap.
1012 4700 1063 4755 8.

1227 4691 1294 4764 h)
1332 4691 1395 4747 L.
1438 4691 1669 4752 Lxxu.
1708 4696 1756 4770 ς.
1800 4702 1882 4757 15.

1964 4703 1987 4769 ξ
2033 4697 2093 4767 c)
2135 4696 2286 4752 Aun.
2315 4694 2415 4753 XI.
2454 4706 2544 4762 25.
