4652 5937
1332 411 1478 510 ³52

1331 591 1499 674 calla
1562 608 1771 671 dictus
1820 603 2168 668 Bassianus
2248 623 2333 667 ex
2398 606 2662 667 nomine
2725 607 2827 667 avi

1336 711 1615 775 materni
1676 711 1772 787 ⁸),
1835 705 2228 790 Elagabalus
2284 721 2432 768 ante
2479 707 2823 789 imperium

1329 815 1568 881 Varius
1599 811 1827 873 Avitus
1862 831 1896 869 a
1926 823 2109 891 patre
2151 823 2214 869 et
2247 829 2389 870 avo.
2452 810 2634 890 Ergo
2671 825 2818 869 cum

1330 917 1462 998 ‚jam
1499 912 1871 974 Herennius
1904 910 2089 970 Decii
2130 895 2202 969 F'.
2240 908 2500 969 nomina
2553 930 2664 968 sua
2695 923 2821 969 tra-

1334 1015 1503 1078 xerit
1557 1037 1591 1074 a
1639 1028 1824 1095 patre
1877 1028 1943 1074 et
1982 1026 2247 1083 matre„
2287 1009 2648 1071 verisimile
2687 1010 2821 1091 pla-

1328 1136 1415 1178 ne
1460 1129 1607 1189 est,
1691 1115 1968 1178 alterum
2032 1109 2317 1172 filiorum
2384 1111 2817 1170 Hostilianum

1328 1236 1442 1277 sua
1491 1212 1767 1276 traxisse
1819 1237 1851 1274 a
1893 1227 2075 1295 patre
2105 1257 2122 1285 ‚
2170 1225 2238 1272 et
2275 1232 2395 1273 avo
2445 1233 2558 1273 seu
2606 1225 2817 1294 pater·

1327 1338 1415 1378 no
1448 1337 1564 1377 seu
1601 1329 1913 1375 materno.
2007 1312 2138 1374 Sed
2192 1328 2259 1375 et
2298 1317 2591 1374 Zonarae
2620 1326 2816 1395 atque

1330 1416 1617 1479 Cedreni
1655 1414 2042 1476 testimoniis
2082 1415 2162 1475 de
2214 1417 2516 1500 quopiam
2575 1416 2824 1474 Severo
2884 1483 2892 1492 ,

1332 1517 1705 1581 Hostiliano
1760 1519 1927 1598 Aug.
1995 1537 2219 1597 parum
2277 1536 2586 1590 moveor,
2668 1535 2827 1597 quo-

1337 1642 1483 1683 rum
1514 1616 1712 1678 fidem
1750 1616 1876 1697 jam
1917 1615 2127 1677 solide
2161 1616 2224 1675 in
2263 1617 2532 1677 dubium
2568 1615 2824 1678 vocavit

1337 1717 1801 1782 'Pillemontius
1848 1712 1952 1795 b),
2015 1737 2230 1799 neque
2279 1717 2508 1791 etiam,
2568 1719 2822 1799 opinor,

1333 1819 1560 1882 futiles
1623 1817 1691 1876 hi
1752 1832 2053 1879 auctores
2112 1837 2513 1901 magnopere
2588 1818 2824 1878 movis-

1333 1933 1479 1985 sent
1510 1937 1796 1981 summos
1848 1917 2038 1991 illos,
2087 1939 2248 2000 quos
2286 1919 2576 1993 laudavi,
2620 1919 2820 1989 viros,

1332 2022 1446 2107 qui
1485 2040 1799 2104 generum
1840 2019 2330 2107 praehabuere‚
2376 2021 2500 2081 nisi
2537 2020 2821 2082 animum

1330 2124 1528 2209 plane
1583 2121 2078 2206 perstrinxisset
2138 2123 2489 2184 auctoritas
2554 2120 2822 2196 Goltzii,

1334 2248 1371 2287 a
1417 2223 1602 2306 cujus
1664 2221 1921 2305 placitis
1967 2220 2311 2282 discedere
2376 2240 2580 2304 usque
2624 2222 2822 2284 modo

1331 2324 1664 2410 piaculum
1736 2324 1961 2406 utique
2009 2322 2340 2396 habitum,
2397 2322 2507 2405 qui
2555 2345 2820 2383 numum

1334 2425 1615 2492 obtrusit
1685 2422 2118 2506 inscriptum:
2181 2413 2359 2484 lMP.
2435 2424 2674 2484 CAES.
2745 2426 2820 2483 L.

1231 2541 1240 2548 '
1334 2529 1532 2597 AVR-
1586 2525 1774 2590 SEV.
1826 2522 2442 2590 HOSTILIANVS.
2493 2522 2694 2590 AVG.
2747 2525 2821 2585 P.

1224 2623 1229 2628 ⁴
1332 2632 1428 2692 M.
1462 2630 1604 2691 TR.
1635 2630 1709 2690 P.
1744 2631 1802 2701 c)
1856 2647 2049 2710 quem
2102 2647 2136 2685 a
2184 2624 2468 2685 mirabili
2501 2623 2628 2687 hoc
2681 2626 2824 2686 viro

1336 2753 1420 2796 ex
1456 2727 1694 2795 verbis'
1723 2732 2016 2792 Zonarae
2062 2724 2418 2810 praestabit
2474 2721 2822 2788 confictum

1338 2831 1642 2895 credere.

1459 2934 1587 2995 Hic
1626 2949 1789 3015 ergo
1826 2927 2231 2991 Hostilianas
2268 2924 2494 3002 Decii,
2541 2931 2611 2989 ut
2651 2917 2824 2991 veri-

1335 3034 1552 3099 simile
1600 3045 1734 3105 est,
1779 3028 1953 3091 filius
1998 3028 2204 3103 alter,
2253 3036 2437 3109 patre
2487 3026 2822 3110 fratreque

1335 3136 1405 3198 in
1438 3132 1684 3195 bellum
1706 3129 2019 3214 profectis
2038 3131 2289 3189 Romae
2320 3129 2584 3191 restitit.
2630 3132 2826 3193 Vtro·

1338 3255 1466 3315 que
1526 3234 1594 3295 in
1657 3234 1796 3294 acie
1858 3251 2050 3294 caeso
2098 3228 2553 3290 Trebonianos
2596 3230 2824 3291 Gallus

1332 3335 1529 3399 Decii
1574 3354 1915 3396 successor
1956 3352 2106 3394 eum
2157 3328 2240 3392 ob
2278 3331 2657 3392 memoriam
2696 3332 2826 3391 De-

1337 3438 1505 3499 ciani
1558 3434 1821 3518 imperii
1860 3433 2124 3517 publice
2173 3430 2829 3513 collaudatiadopta-

1332 3539 1428 3602 trit
1450 3584 1467 3613 ‚
1515 3535 1633 3600 sed
1663 3522 1886 3620 paullo
1919 3548 2066 3617 post
2092 3555 2311 3596 rerum
2347 3553 2662 3625 novarum
2691 3550 2828 3592 me·
2872 3582 2878 3587 .

1331 3651 1405 3701 tu
1454 3637 1719 3700 insidias
1780 3636 2015 3699 struxit
2060 3634 2237 3696 nulla
2292 3634 2512 3719 habita
2555 3655 2672 3695 seu
2718 3632 2828 3694 ad-

1337 3740 1658 3823 optionis,
1721 3758 1839 3801 seu
1899 3735 2155 3800 honesti
2232 3737 2525 3807 ratione,
2597 3748 2668 3794 ut
2737 3734 2827 3795 ait

1334 3841 1640 3903 Zosimus
1689 3838 1776 3916 d).
1864 3839 2215 3899 Admotum
2278 3834 2557 3919 imperio
2601 3847 2826 3896 narrat

1338 3944 1529 4005 etiam
1554 3939 1942 4024 Eutropius:
1989 3930 2351 4020 διαδεχεται
2384 3960 2490 4009 την
2517 3939 2829 4010 βασιλειαν

1332 4036 1624 4121 Γαλλοζ,
1669 4041 2060 4115 Oea-charos,
2096 4062 2196 4097 και
2227 4036 2260 4099 ὁ
2295 4062 2440 4100 τετυ
2470 4060 2615 4111 παις
2635 4034 2827 4097 Efflu-

1340 4160 1575 4220 σιανος,
1624 4164 1789 4230 quae
1838 4143 2042 4231 verba
2092 4141 2302 4226 aptius
2360 4140 2441 4202 ad
2487 4138 2821 4201 historiam

1332 4246 1536 4311 vertit
1568 4246 1989 4309 Pacatianus:
2032 4264 2184 4307 mox
2214 4248 2623 4324 imperatores
2651 4260 2826 4302 crea·

1334 4351 1391 4411 tu·
1411 4358 1563 4411 sunt
1581 4349 1810 4410 Gallus
1829 4391 1847 4419 ‚
1895 4350 2298 4410 Hostilianas
2316 4387 2335 4420 ,
2370 4355 2434 4406 et
2461 4346 2641 4406 Gallu·
2652 4346 2827 4417 filius

1344 4450 1755 4513 Volusianus.
1797 4446 2030 4515 Victor
2044 4447 2263 4531 prior:
2309 4449 2467 4508 haec
2482 4447 2597 4506 abi
2606 4455 2827 4523 patres

2468 419 2616 492 no
2639 421 3271 510 ST1L1ANVS.

2937 591 3318 682 =comper-ere,
3378 608 3569 667 Gallo
3610 610 4146 690 Hostilianoque
4185 612 4463 689 Anqusta

2943 712 3211 786 imperia
3228 751 3244 782 ‚
3288 710 3704 776 Volusianum
3735 711 3925 770 Gallo
3946 714 4238 771 edilnm
4260 714 4462 771 Caeso-

2936 829 3066 870 rem
3111 813 3469 871 decernunt.
3543 810 3627 868 Et
3660 810 3887 873 Victor
3922 812 4171 874 alter:
4238 789 4463 872 Horum

2936 913 3316 988 temporibus
3362 911 3566 984 (Galli
3605 924 3669 969 et
3703 910 4105 990 Volusiani)
4156 914 4464 974 Hostilia-

2935 1031 3055 1070 πω
3088 1012 3410 1089 Perpenna
3440 1035 3482 1073 a
3514 1024 3742 1073 senatu
3770 1016 4166 1086 ,imperator
4199 1017 4460 1074 creatus.

2933 1111 3372 1174 Hostilianum
3422 1114 3831 1195 pestilentia,
3896 1135 4089 1196 quae
4143 1128 4302 1175 tum
4348 1114 4462 1173 late

2936 1210 3377 1295 grassabatur,
3426 1214 3834 1290 imm-ivisse,
3880 1229 4207 1299 uterque
4245 1211 4472 1283 Victor'

2932 1326 3248 1388 testatur,
3326 1328 3554 1378 contra
3621 1338 3810 1400 quam
3873 1316 4226 1379 Zosimus
4293 1316 4462 1388 dixit,

2943 1413 3116 1473 Galli
3150 1414 3422 1476 insidiis.

3065 1516 3167 1574 Ex
3207 1513 3344 1585 his,
3404 1536 3568 1599 quae
3617 1517 3814 1579 modo
3853 1501 4230 1600 exposui,
4292 1536 4466 1598 appa·

2938 1630 3078 1689 ret,
3125 1616 3477 1676 Hostiliani
3534 1638 3766 1677 numos
3817 1616 3899 1678 ad
3956 1619 4110 1680 duo
4190 1615 4460 1699 imperia

2939 1717 3318 1798 pertinere,
3390 1729 3454 1777 et
3517 1737 3633 1779 eos
3693 1720 3997 1800 quidem,
4081 1721 4161 1779 in
4237 1717 4466 1801 quibus

2938 1818 3177 1877 Caesar
3229 1816 3505 1890 dicitur,
3554 1817 3635 1878 ad
3671 1819 4022 1900 imperium
4088 1820 4363 1902 patris,
4403 1815 4460 1874 in

2938 1918 3172 2000 quibus
3217 1920 3580 2000 Augustus,
3640 1918 3721 1978 ad
3780 1919 4158 2000 imperium
4216 1918 4466 1980 Trebo-

2935 2017 3131 2078 niani.
3199 2020 3413 2101 Hujus
3459 2019 3801 2103 imperium
3843 2021 4059 2101 palam
4113 2019 4460 2103 eloquitur

2936 2138 3171 2180 numus
3207 2119 3558 2204 inscriptus
3603 2120 3930 2201 IVNONt.
3969 2121 4456 2192 MART1AL1,

2943 2219 3026 2280 de
3059 2239 3190 2303 quo
3228 2241 3402 2286 mox.

3083 2410 3159 2467 V.
3195 2410 3255 2467 C.
3293 2417 3472 2470 1002.
3513 2416 3690 2471 1003.
3725 2411 3795 2468 Ρ.
3833 2409 3913 2481 Χ.
3956 2416 4117 2473 249.
4149 2414 4317 2472 25ᾶ.

3141 2511 3503 2572 CAESAR.
3547 2511 3820 2571 PnlNc.
3867 2510 4259 2571 IVVENT.

3223 2675 3297 2737 c,
3358 2653 3729 2741 VALENS.
3790 2673 4160 2737 HOSTIL.
4243 2669 4446 2732 mes.
4573 2647 4576 2658 '

3220 2775 3630 2868 QVINTVS.
3682 2779 3760 2836 N.
3810 2777 3879 2836 C.
3945 2778 4160 2853 Caput
4210 2776 4447 2834 nudum
4571 2751 4574 2760 ³

3194 2909 3198 2914 ·
3223 2881 3293 2939 in
3311 2882 3452 2939 AV.
3481 2889 3545 2940 et
3570 2880 3709 2938 AE.
3731 2879 3818 2937 Π.
3845 2880 4187 2940 radiatum
4219 2878 4295 2935 in
4313 2871 4444 2932 AB·

3220 3060 3296 3126 C.
3358 3058 3618 3129 OVAL.
3682 3060 3971 3124 OSTtt..
4026 3052 4444 3120 MES.·CO·

3216 3162 3564 3230 VINTVS.
3620 3161 3983 3225 CAESAR.
4078 3162 4301 3239 Caput
4343 3174 4440 3217 ra·

3220 3266 3468 3324 diatum
3500 3266 3571 3324 ae'n
3598 3267 3738 3326 Aa.

3066 3442 3237 3516 Vide
3286 3462 3452 3529 quae
3493 3442 3578 3506 de
3611 3444 3936 3505 insolente
3986 3442 4116 3507 hoc
4151 3437 4439 3521 inserip-

2940 3547 3138 3611 tionis
3169 3546 3366 3609 modo
3399 3565 3551 3607 mox
3582 3545 3750 3607 infra
3788 3544 4114 3609 dicentur.

3065 3690 3353 3793 A‘versae
3390 3743 3571 3792 sunt:

2938 3833 3243 3894 MARTI.
3291 3830 4010 3896 PROPVGNATORI.
4065 3859 4154 3880 -
4226 3825 4429 3889 PAN-

2938 3932 3299 3998 NONIAE.
3334 3964 3420 3983 --·
3465 3932 3804 3994 PIETAS.
3832 3933 4034 4000 AVG.
4068 3966 4154 3981 --
4194 3925 4427 3993 PRIN-

2940 4037 3131 4099 CIPI.
3193 4026 3751 4103 IVVENTvrts.
3812 4066 3900 4081 -
3958 4027 4427 4100 PvmcrrtA.

2937 4139 3137 4203 AVG.
3215 4167 3299 4184 --
3369 4134 3865 4200 SAECVLVM.
3939 4136 4282 4200 NOVVM.
4340 4158 4417 4175 -

2936 4237 3395 4305 VBERt‘rAS.
3423 4236 3633 4302 AVG.
3654 4267 3732 4282 -
3752 4236 4194 4303 VICTORIA.
4218 4228 4425 4296 GER-

2939 4334 3292 4402 MANIC'A.
3314 4338 3483 4421 typis
3510 4336 3639 4419 jam
3666 4338 3969 4421 cognitis.
4016 4341 4215 4416 (Mus.
4236 4336 4414 4398 Caes.

2936 4439 3286 4522 Banduri.)
3573 4430 3580 4439 ⁶

1330 4575 4386 4616 —ffl-ss———ssffl

2067 4674 2139 4752 b)
2178 4676 2335 4738 Nota
2370 4675 2444 4738 ΙΙ.
2482 4674 2548 4737 in
2583 4674 2844 4757 Philipp.

2306 4842 2317 4875 1

1406 4683 1475 4754 a)
1514 4679 1742 4743 Victor.
1768 4675 1926 4755 ,epis
1956 4660 1959 4665 ⁴

2985 4675 3046 4748 c)
3086 4672 3263 4732 Thes.
3303 4691 3345 4748 p
3408 4683 3531 4737 105.
3680 4668 3748 4741 d)
3785 4668 3828 4727 1.
3874 4688 3923 4728 c.
