4652 5937
1265 419 1415 494 ωε
1798 353 1807 360 ’
2424 385 3182 467 ·SALON1NVS.

1270 608 1452 662 mus,
1496 581 1718 652 datum
1768 575 1964 642 etiam
2008 573 2133 638 fuit
2167 572 2500 637 Salonino.
2577 574 2763 658 Ergo

1274 690 1443 753 nihil
1500 685 1702 747 habet
1760 681 1827 742 in
1906 678 2005 740 his
2079 676 2293 739 numis
2349 675 2763 750 Valerianus,

1273 789 1455 878 quod
1505 786 1629 850 sibi
1672 803 1830 870 prae
1863 795 2106 865 nepote
2149 779 2426 842 faveret.
2510 777 2597 840 At
2632 797 2767 840 me·
2817 769 2820 774 ’

1273 899 1488 955 morat
1553 885 1743 949 nobis
1801 881 2148 947 Bimardus
2224 891 2609 965 argenteum
2679 900 2763 942 ex

1275 1010 1507 1055 museo
1542 987 1861 1053 Rothelin
1876 990 1983 1066 ⁴):

1558 1086 2139 1178 VALERIQNV&
2175 1085 2254 1148 P.
2288 1083 2367 1146 F.
2402 1081 2606 1150 AVG.
2656 1084 2770 1145 Ca-

1549 1204 1676 1274 put
1704 1196 2050 1254 radiatum.

1278 1289 1924 1361 CONSACRATIO.
2012 1293 2258 1376 Aquila
2328 1292 2770 1370 imperatorem

1278 1417 1529 1461 curcum
1641 1407 1755 1458 ert.

1404 1501 1690 1560 Numum
1732 1497 1908 1559 hunc
1958 1491 2369 1558 confidenter
2414 1488 2771 1555 Valeriano

1278 1598 1415 1682 jun.
1477 1597 1707 1660 tribuit
1738 1640 1755 1670 ‚
1831 1596 2082 1678 aitque,
2163 1614 2248 1655 ex
2316 1612 2397 1654 eo
2465 1590 2771 1672 intelligi,

1279 1701 1458 1762 hunc
1507 1714 1769 1780 quoque
1835 1695 2202 1777 principem
2259 1690 2773 1755 consecrationis

1278 1801 1602 1863 honorem
1631 1796 2001 1860 abstulisse.
2068 1797 2157 1857 *At
2193 1793 2370 1857 enim
2414 1792 2774 1855 secundum

1282 1909 1398 1977 ea,
1460 1917 1627 1985 quae
1669 1896 1988 1972 diximus,
2053 1897 2217 1958 niliil
2262 1895 2460 1958 habet
2508 1914 2767 1969 numus,

1283 1999 1464 2088 quod
1492 2021 1626 2064 non
1672 2013 1739 2062 et
1770 2020 1956 2061 suum
1996 1995 2298 2082 profiteri
2334 2011 2558 2083 posset
2591 1997 2773 2058 Salo-

1280 2105 1496 2167 ninus.
1584 2101 1763 2199 Quid
1812 2099 1988 2185 quod
2023 2099 2260 2162 adduci
2299 2120 2433 2162 non
2482 2119 2772 2182 possum,

1284 2220 1362 2271 ut
1403 2204 1666 2269 credam
1692 2247 1710 2279 ,
1769 2202 2192 2270 Valerianum
2234 2200 2559 2284 juniorem
2586 2244 2604 2276 ,
2650 2197 2776 2260 etsi

1280 2309 1650 2390 Augustum
1695 2303 1899 2366 fuisse
1946 2300 2212 2378 demus,
2274 2302 2600 2365 coelestes
2660 2318 2774 2362 un·

1280 2427 1476 2493 quam
1518 2408 1808 2468 honores
1856 2404 2182 2467 sortitum.
2264 2404 2503 2465 Narrat
2537 2402 2775 2471 Victor

1277 2512 1350 2574 in
1395 2505 1824 2581 Caesaribus,
1878 2517 2183 2568 coactum
2242 2499 2448 2566 fuisse
2505 2502 2777 2565 a'Clau·

1280 2595 1393 2676 dio
1436 2621 1772 2681 senatum,
1818 2621 1889 2669 ut
1933 2589 2306 2669 Gallienum
2355 2605 2421 2666 in
2469 2601 2773 2667 divorum

1260 2732 1629 2776 numerum
1688 2709 2013 2783 referret,
2078 2728 2270 2791 quam
2337 2695 2778 2769 consecratio-

1280 2835 1437 2878 nem
1469 2815 1537 2875 in
1567 2808 1900 2872 hominem
1942 2808 2432 2890 spurcissimum
2468 2806 2776 2869 collatam

1280 2914 1522 2980 acerbe
1557 2912 1937 2974 insectatur.
1984 2913 2080 2971 An
2104 2908 2411 2971 tacuisset
2445 2921 2581 2967 tum
2608 2951 2626 2984 ,
2667 2928 2779 2990 pa-

1278 3036 1431 3087 rent,
1469 3015 1791 3075 honorem
1856 3009 2288 3091 impetratum·
2332 3009 2528 3072 etiam
2588 3007 2778 3070 fratri

1283 3115 1523 3186 eodem
1583 3125 1885 3193 tempore
1928 3131 2004 3173 ac
2059 3110 2209 3174 loco
2269 3132 2400 3173 una
2455 3128 2602 3172 cum
2648 3108 2776 3172 hoo

1280 3211 1719 3298 interempti?
1803 3214 1894 3275 Et
1948 3233 2030 3275 an
2091 3211 2447 3287 credibile,
2517 3223 2777 3274 exstare

1284 3316 1652 3384 consecrati
1696 3314 1888 3396 hujus
1929 3314 2265 3382 Valeriani
2308 3333 2578 3389 numos,
2625 3331 2776 3376 cum

1282 3422 1601 3487 hactenus
1639 3413 2010 3479 Gallienum
2030 3432 2077 3492 ,θ
2094 3416 2177 3479 de
2212 3415 2401 3498 cujus
2436 3434 2779 3495 consecra-

1278 3523 1463 3587 tione
1513 3517 1683 3584 certi
1717 3537 1801 3580 ex
1826 3519 2100 3585 Victore
2136 3539 2359 3581 sumus
2381 3560 2398 3592 ,
2444 3536 2528 3581 ex
2562 3517 2777 3579 numia

1281 3633 1740 3689 consecratum
1797 3617 2225 3702 ignoremus?
2307 3620 2543 3702 Neque
2599 3619 2774 3681 enim

1283 3723 1440 3790 satis
1477 3719 1562 3784 ad
1593 3717 1794 3800 fidem
1836 3717 2113 3782 idoneos
2151 3732 2309 3803 puto
2347 3719 2602 3803 aliquos
2635 3718 2777 3803 ejus

1286 3825 1456 3891 divis
1490 3818 1804 3902 adscripti
1845 3839 2117 3898 numos,
2163 3822 2329 3906 quo‘s
2361 3806 2556 3906 supra
2592 3821 2661 3884 in
2701 3823 2781 3885 il·

1284 3928 1417 3991 lius
1460 3932 1723 3987 moneta
1764 3922 2099 3986 recensui.
2184 3921 2569 3986 Saloninum
2626 3943 2779 3987 con-

1285 4038 1613 4092 secratum
1662 4042 1892 4087 omnes
1950 4021 2287 4102 novimus,
2344 4042 2628 4109 eumque
2670 4006 2806 4088 ad?

1286 4128 1420 4192 huc
1474 4124 1699 4191 viv-m
1728 4124 2520 4212 rjani(tamaii-⁴211„‘jann
2561 4127 2785 4211 Augu-

1290 4245 1465 4304 stum
1506 4228 1662 4295 dici.
1749 4229 1913 4293 Cum
1972 4229 2293 4293 variatum
2351 4229 2438 4291 sit
2496 4227 2564 4289 in
2606 4227 2781 4302 vivo,

1291 4353 1421 4397 eur.
1455 4331 1777 4397 variatum
1818 4330 1889 4392 in
1929 4344 2194 4395 mortuo
2242 4328 2645 4394 incredibile
2689 4327 2784 4395 vi·

2883 597 3064 640 suam
3113 573 3248 638 suis
3285 569 3523 659 ipsius
3587 567 3831 632 armis
3876 564 4150 631 evertit.
4227 569 4358 630 Nam
4385 571 4423 632 si

2879 678 2989 741 hic
3034 673 3594 740 consecrationIs
3665 693 3947 734 numus
4009 684 4112 735 est
4155 671 4420 737 Valeriani

2877 780 3190 864 junioris,
3232 796 3537 840 necesse
3579 789 3733 850 est,
3775 793 3948 836 eum
3994 793 4144 835 esse
4164 773 4421 855 signatum
4511 821 4512 834 ,

2880 880 3000 944 sub
3036 878 3332 943 Claudio.
3420 867 3637 939 Esse
3698 888 4175 960 argenteum,
4218 872 4423 957 profite-

2884 996 2993 1045 tur
3037 983 3218 1068 ipse,
3265 993 3333 1045 et
3383 994 3654 1042 tamen
3702 978 3861 1041 alio
3905 976 4211 1059 ejusdem
4255 975 4418 1058 operis

2882 1085 3034 1147 loco
3082 1081 3147 1165 ¹³)
3193 1083 3438 1146 diserte
3498 1082 3850 1156 adserit,
3914 1077 4086 1140 inde
4129 1101 4165 1139 a
4209 1076 4419 1138 Claudio

2882 1205 3089 1269 usque
3113 1183 3204 1247 ud
3226 1184 3782 1249 Diocletianum
3838 1193 3992 1244 nort
4033 1165 4309 1264 reperiri
4331 1198 4420 1239 am·

2883 1286 3058 1382 plius
3097 1300 3425 1349 monetam
3464 1300 3963 1371 argenteam.

3014 1389 3200 1485 Quae
3254 1387 3338 1451 ad
3396 1409 3721 1451 aversae
3773 1390 4169 1469 per-istane
4224 1381 4418 1453 attinet,

2882 1500 3283 1577 peragentur
3314 1490 3645 1555 sectione
3685 1504 4080 1576 sequente.

3403 1747 3410 1754 ,
3532 1706 3614 1797 §-
3668 1712 3771 1800 11.-

2891 1898 3303 1959 Valerianum
3305 1900 3668 1975 juniorem
3702 1916 3947 1981 neque
3983 1897 4306 1957 Caesarem
4330 1907 4409 1948 ss·

2886 2018 3078 2081 quam
3089 1999 3326 2098 fuisse,
3369 2019 3580 2082 neque
3596 2003 4050 2088 [guyn-stum,
4077 1992 4408 2072 amplam

3433 2105 3908 2181 persuadent.

3016 2291 3438 2383 Argumentis
3495 2302 3839 2380 duobus,
3911 2318 4206 2387 quorum
4245 2310 4398 2356 unum

2888 2420 2972 2464 ex
3029 2415 3289 2464 moneta
3347 2407 3694 2484 Romana,
3787 2404 4105 2468 alterum
4165 2416 4245 2460 ex
4286 2392 4399 2455 Ab

2887 2501 3201 2565 xandrina
3233 2515 3426 2584 peto,
3474 2505 3920 2570 sententiam
3960 2499 4300 2582 stabiliam.

3014 2604 3063 2664 1.
3106 2604 3343 2672 Variae
3373 2619 3523 2669 sunt
3564 2607 4044 2692 eruditorum
4083 2595 4391 2684 opiniones.

2888 2725 3022 2791 quo
3084 2728 3255 2771 anno
3288 2707 3692 2775 Valerianus
3757 2708 4000 2771 dictus
4069 2690 4393 2765 Caesarvi·

2891 2806 3149 2871 deatur.
3191 2808 3413 2892 Aliqui
3446 2808 3516 2870 id
3545 2809 3822 2873 factum
3864 2827 4014 2870 non
4052 2801 4253 2867 multo
4276 2802 4390 2878 9⁰⁸1

2892 2923 3269 2995 susceptum
3299 2932 3336 2973 a
3369 2923 3556 2996 patre
3591 2908 3991 2998 imperium
4015 2912 4269 2994 putant,
4301 2889 4390 2955 ὦ·

2893 3011 3003 3093 qui
3048 3011 3280 3072 serius.
3341 3015 3585 3096 Neque
3636 3012 3877 3096 magis
3919 2993 4384 3074 convenientia

2892 3125 3191 3194 tempore
3245 3112 3470 3174 collati
3521 3114 3700 3176 tituli
3764 3107 4158 3197 Augustei,
4210 3109 4385 3163 tamen

2892 3211 3202 3275 adserunt
3245 3213 3619 3297 plet·ique,·
3669 3216 3868 3279 hune
3933 3211 4043 3274 illi
4105 3207 4381 3269 honorem

2891 3311 3249 3376 accessisse
3294 3336 3332 3378 a
3372 3315 3715 3394 Gallieno,
3770 3328 4141 3400 postquam
4175 3314 4380 3389 patero

2891 3413 3113 3476 Persis
3175 3428 3401 3499 captus
3441 3415 3588 3481 fuit.
3692 3418 3920 3493 Mihi,
3972 3412 4088 3501 qui
4130 3396 4371 3476 Valeri*

2889 3536 3045 3577 num
3085 3529 3195 3578 aut
3225 3518 3611 3601 Caesarem,
3656 3536 3772 3583 aut
3794 3523 4183 3601 Augustum
4209 3499 4376 3566 sui&

2890 3636 3227 3701 pernego,
3272 3621 3646 3687 nullatenus
3693 3623 3782 3685 de
3847 3622 4092 3683 harum
4140 3597 4371 3688 dignit&

2891 3734 3031 3781 tum
3080 3720 3331 3804 epocha
3394 3736 3495 3785 est
3555 3720 4053 3792 laborandum,
4127 3704 4371 3781 ⁸813⁵q¹¹⁰

2893 3820 2973 3884 ad
3010 3841 3234 3883 meum
3266 3821 3632 3885 institutum
3667 3822 3894 3886 habeo
3916 3864 3933 3896 ,
3985 3810 4287 3880 refellere
4309 3793 4373 3855 il‘

2891 3922 3042 4001 lud,
3086 3922 3163 3983 in‘
3194 3942 3324 4008 quo
3374 3924 3752 4008 conspirant
3787 3926 4073 3992 omnes,
4116 3896 4371 3981 Valeri*

2891 4046 3049 4089 num
3081 4025 3312 4088 saltem
3334 4026 3646 4113 extremis
3665 4022 3967 4090 Gallieni
3995 4012 4176 4085 ann&
4193 4001 4361 4071 &5⁸⁰⁶

2892 4126 3116 4192 fratris
3146 4128 3214 4190 in
3255 4128 3536 4213 imperio
3573 4128 3952 4213 conlegam.
4021 4180 4026 4183 .

3020 4228 3226 4308 Esto,
3272 4218 3453 4316 quod
3495 4233 3706 4293 visum
3747 4223 4211 4313 Breqnignyo,
4250 4213 4355 4317 ‘12¹⁰

2895 4328 3150 4406 nullus,
3205 4329 3384 4417 quod
3428 4330 3662 4408 sciam,
3722 4325 4063 4416 copiosius
4105 4310 4362 4381 Valem‘

1296 4431 1591 4496 fleatur?
1620 4430 2782 4527 Quid-qnodflimardus·sententiam
2835 4524 2840 4529 .
2896 4432 2966 4494 ni
3006 4431 3604 4517 hujus⁴11istoriam
3663 4425 4021 4497 illustravit
4062 4419 4156 4504 Β),
4211 4414 4349 4473 θ’ω*

1992 4554 2015 4565 -
2335 4548 2340 4553 .
2943 4524 2950 4531 ·
4307 4534 4359 4559 ,.

1375 4638 1440 4710 a)
1478 4633 1560 4695 ad
1591 4628 1923 4699 Iofiemi'l'.
1959 4636 2033 4696 Π.
2069 4655 2134 4714 p-
2174 4648 2298 4702 103.
2439 4640 2514 4710 b)
2547 4639 2855 4720 ‘Regem

3001 4639 3063 4713 c>
3099 4612 3378 4698 ntem-13.
3418 4637 3484 4697 L.
3509 4638 3594 4696 -Τ,
3617 4624 3850 4695 xxm
3896 4654 3958 4711 p.
3986 4633 4111 4692 274·
4145 4628 4256 4683 seq·
