4652 5937
2411 447 3058 530 MACRINVS.

1190 494 1337 567 ’21ιο

2469 750 2687 847 ῬΙζΕ
2712 752 2822 815 T!
2841 750 3001 814 VM.

1597 894 1936 972 commatis
1980 900 2258 966 Romam·
2271 920 2295 960 .·

1789 1003 1996 1070 Aurei
2121 1047 2140 1067 .
2230 1045 2248 1064 .
2337 1042 2355 1063 .
2441 1041 2462 1061 .
2547 1039 2567 1059 .
2651 1018 3524 1077 ..........
3613 985 3823 1052 RRR.

1792 1102 2116 1190 Argentei
2228 1134 3533 1166 .............
3617 1091 3702 1151 R.
3797 1096 3803 1100 “

1788 1207 2000 1272 Aenei
2044 1225 2214 1269 max.
2256 1201 2436 1283 mod.
2487 1276 2493 1284 .
2556 1236 3531 1264 ..........
3616 1187 3881 1255 RRRR.

1793 1308 2004 1374 Aenei
2045 1310 2096 1369 Ι.
2143 1320 2210 1370 et
2253 1307 2338 1367 11.
2383 1303 2635 1366 formae
2766 1337 3532 1365 ........
3620 1295 3708 1359 Ο.

1599 1412 1951 1481 commatis
1971 1413 2303 1492 per-cyrini
2319 1430 2346 1470 .·
2518 1395 2524 1399 ’

1791 1514 2085 1584 Ὺτὴίιιῑπ
2117 1511 2475 1573 liberarum
2550 1542 3539 1571 ............
3623 1500 3705 1564 R.

1788 1614 2216 1682 Coloniarum
2343 1655 2364 1677 .
2455 1655 2476 1677 .
2561 1653 2582 1676 .
2665 1651 2687 1673 .
2775 1646 2794 1668 .
2873 1642 2900 1667 s
2990 1650 3007 1672 .
3098 1648 3115 1666 .
3202 1650 3222 1671 .
3309 1648 3326 1667 .
3417 1639 3432 1667 ⁴.
3522 1647 3538 1664 .
3624 1602 3769 1663 BR.

1793 1713 2225 1783 Alexandrini
2341 1724 2387 1778 .·
2449 1755 2490 1789 .,
2556 1754 2574 1773 .
2659 1751 2676 1770 .
2768 1754 2790 1774 .
2876 1753 2895 1770 .
2983 1751 2999 1768 .
3091 1753 3107 1768 .
3194 1742 3213 1769 -.
3623 1699 3827 1765 RRR.

1918 2024 2010 2092 M.
2103 1983 2568 2092 omum
2648 2019 3595 2088 DIADVMENIANVS.

1262 2217 1279 2231 ⁶
1316 2228 1403 2293 Ei
1421 2237 1609 2312 pater
1626 2219 1981 2295 Macrinus,
2012 2231 2224 2280 mater
2243 2217 2456 2279 Nonia
2475 2217 2682 2279 Celsa.

2804 2214 3000 2279 etiam
3049 2207 3191 2290 ejus
3228 2229 3304 2273 os
3350 2209 3433 2274 ad
3474 2206 3698 2273 oscula
3742 2215 4065 2291 paratum,
4139 2186 4309 2283 quae

1198 2336 1402 2396 Natus
1456 2340 1556 2389 est
1597 2345 1765 2387 anno
1797 2312 2135 2415 ‘VJerbi
2161 2365 2178 2395 φ
2237 2332 2311 2381 ¹²¹2
2350 2312 2691 2402 colligitur
2803 2343 2932 2385 una
2975 2339 3166 2382 eausa
3201 2314 3360 2391 fuit,
3426 2334 3545 2376 cur
3573 2306 3907 2373 Bottarius
3953 2307 4315 2387 protome'u

1197 2452 1281 2495 ex
1322 2430 1540 2496 Dione
1572 2427 1653 2509 ⁸).
1745 2424 1942 2485 Diem
1994 2420 2231 2505 ‘prodit
2271 2419 2692 2504 Lampridius
2808 2439 3271 2489 marmoream,
3312 2435 3477 2498 quae
3506 2425 3805 2476 servatur
3835 2405 3904 2468 in
3939 2422 4166 2466 museo
4187 2403 4312 2465 Ca·

1193 2533 1372 2595 xjx.
1419 2527 1867 2614 Septembris,
1924 2542 2166 2606 nempe
2202 2521 2313 2607 qui
2354 2520 2695 2584 idem'fuit
2805 2524 3107 2610 pitolino,
3142 2540 3286 2583 esse
3310 2515 3896 2579 Diadumenianum
3911 2502 4309 2592 prenuncia-

1198 2634 1432 2701 natalis
1474 2624 1786 2693 Antonini
1836 2626 1943 2690 Pii
1972 2622 2063 2705 h).
2150 2627 2324 2687 Eum
2382 2638 2571 2709 pater
2613 2624 2694 2691 V.

2811 2641 2937 2696 ret,
2970 2624 3276 2686 nimirum
3293 2617 3471 2704 quod
3505 2617 3571 2679 in
3593 2636 3668 2678 ea
3687 2612 3936 2677 labium
3948 2607 4128 2673 velut
4156 2623 4313 2688 pro·

1198 2738 1272 2802 C.
1294 2755 1418 2818 970
1454 2731 1718 2797 adserto
1758 2730 1881 2792 sibi
1910 2726 2428 2817 per'Caracallae
2462 2744 2696 2786 necem
2810 2726 3096 2811 pinaturi
3125 2724 3347 2786 oscula
3386 2720 3613 2783 videre
3649 2715 3773 2778 sibi
3804 2713 3983 2779 visus
4015 2720 4191 2800 esset
4222 2704 4310 2785 g).

1193 2836 1478 2922 imperio
1512 2839 1843 2898 Caesarem
1892 2844 1960 2891 et
1987 2833 2385 2892 Antoninum
2421 2825 2583 2888 dixit
2615 2825 2695 2905 ⁰),

1198 2952 1266 3002 et
1303 2939 1706 3021 Augustum,
1769 2945 1842 2995 ut
1877 2953 2030 2994 mox
2084 2930 2363 3014 amplius
2419 2928 2704 3011 disputa·

1092 3067 1099 3080 ·
1198 3042 1406 3105 bitur.
1494 3034 1853 3117 Reliquum
1912 3033 1975 3093 ei
2040 3030 2246 3093 fatum
2313 3052 2463 3094 cum
2513 3043 2699 3112 patre

1203 3158 1572 3204 commune.
1633 3134 1765 3197 Hie
1819 3133 1897 3195 ab
1928 3132 2284 3217 Elagabalo
2326 3133 2573 3206 victus,
2634 3141 2702 3190 et

1203 3242 1444 3325 fugere
1496 3251 1762 3304 coaetus
1813 3233 2062 3312 filium,
2133 3255 2264 3319 quo
2317 3234 2459 3316 ejus
2511 3229 2704 3294 saluti

1208 3342 1623 3415 consuleret,
1699 3336 1781 3400 ad
1840 3326 2233 3400 Artabanum
2304 3335 2704 3424 Parthorum

1206 3464 1439 3529 regem
1479 3438 1657 3504 misit
1682 3423 1772 3519 Β).
1820 3436 1953 3502 Sed
1971 3451 2036 3502 et
2069 3439 2212 3523 ipse
2238 3436 2537 3500 hostibus
2554 3454 2707 3520 pro·

1211 3546 1423 3621 ditus,
1469 3555 1536 3606 et
1567 3563 1605 3604 a
1646 3541 1854 3602 milite
1883 3538 2272 3604 interfectus
2307 3553 2408 3602 est
2440 3541 2523 3618 θ).

1306 3643 1587 3711 ,Multus
1634 3654 1734 3705 est
1783 3641 2198 3726 Lampridius
2247 3640 2316 3702 in
2377 3660 2712 3702 commen-

1200 3733 1441 3814 danda*
1474 3745 1617 3828 ejus
1664 3743 1855 3828 pueri
1915 3741 2164 3818 forma,
2228 3763 2419 3827 quam
2467 3733 2706 3804 tantam

1213 3851 1422 3916 fuisse
1466 3845 1705 3922 tradit,
1775 3859 1847 3909 ut
1898 3844 2082 3928 quasi
2117 3843 2416 3907 sidereus
2454 3857 2520 3906 et
2557 3858 2708 3907 eoe-

1198 3951 1405 4016 'lestis
1468 3949 1820 4024 emicaret,
1897 3960 1964 4008 et
2011 3944 2091 4007 ab
2145 3945 2448 4009 omnibus
2512 3967 2713 4011 venu-

1217 4054 1401 4117 statis
1437 4050 1643 4135 gratia
1669 4062 1997 4112 amaretur
2041 4052 2113 4128 s).
2156 4049 2433 4111 Praeter
2462 4046 2741 4112 crinem-

1219 4153 1504 4228 ssavum,
1563 4154 1792 4234 nigros
1838 4149 2110 4230 oculos,
2161 4153 2241 4214 'et
2279 4163 2581 4221 ‘mentum
2630 4148 2713 4217 ad

1225 4274 1489 4318 omnem
1542 4252 1856 4318 decorem
1911 4254 2348 4338 compositum
2397 4250 2596 4317 effert
2653 4252 2712 4314 is

2815 2830 2903 2888 At
2937 2827 3111 2889 enim
3142 2839 3214 2886 ut
3258 2820 3610 2886 abundavit
3642 2816 3832 2880 donis
3868 2826 4173 2883 naturae,
4216 2807 4314 2870 ita

2803 2916 2982 2995 ¹teste
3018 2926 3252 2991 eodem
3283 2919 3664 3006 Lampridio
3694 2917 3760 3001 ι1)
3808 2911 4312 2983 destituebatur,
4398 2998 4403 3006 ‚

2816 3052 2984 3118 quae
3017 3043 3165 3093 sunt
3185 3026 3392 3090 multo
3428 3024 3559 3085 illis
3578 3020 4070 3114 praestantium,
4116 3014 4316 3076 donis

2819 3131 3089 3217 gratiae.
3158 3131 3322 3191 Nam
3363 3128 3740 3209 increpasse
3791 3137 4045 3208 patrem
4092 3117 4313 3180 literis

2819 3234 3053 3307 tradit,
3099 3227 3277 3316 quod
3312 3228 3393 3289 iis
3430 3226 3775 3311 benignius
3809 3218 4316 3309 parceret‚„qui

2821 3333 3138 3418 suspecti
3185 3352 3407 3394 rerum
3490 3329 3808 3393 novarum
3895 3322 4315 3403 videbantur.

2819 3435 3039 3518 Animi
3070 3448 3201 3496 tam
3237 3433 3303 3495 in
3329 3453 3550 3517 puero
3598 3430 3775 3494 saevi
3820 3426 4078 3490 nullum
4104 3442 4318 3510 pene·

2820 3543 3144 3616 Dionem,
3202 3552 3270 3603 et
3307 3533 3758 3598 Herodianum
3804 3529 4156 3599 indicium,
4216 3524 4320 3588 vi·

2822 3644 3144 3728 deturque
3187 3637 3606 3723 Lampridius
3653 3631 3928 3696 eandem
3979 3626 4317 3701 invidiam,

2821 3767 2946 3830 qua
2969 3736 3374 3828 Capitolina!
3419 3741 3575 3825 (ni‘si
3593 3739 3700 3800 hic
3722 3736 3895 3797 idem
3924 3753 4068 3796 cum
4087 3729 4321 3815 priore

2823 3848 2952 3925 est)
2986 3859 3239 3929 patrem
3259 3843 3622 3907 Macrinum
3641 3841 3790 3924 plus
3803 3837 3975 3920 justo
3995 3831 4321 3905 oneravit,

2825 3947 2896 4009 in
2927 3938 3137 4010 filium
3173 3966 3433 4033 quoque
3472 3943 3755 4011 voluisse
3789 3938 4110 4001 derivare.

2989 4154 3063 4215 V.
3113 4154 3178 4213 e.
3220 4157 3366 4217 970.
3410 4156 3559 4214 971.
3602 4150 3675 4208 Ρ.
3720 4147 3803 4208 Χ.
3847 4111 3994 4206 9ἷ7.
4038 4147 4186 4205 218.

2999 4254 3358 4316 CAESAR.
3435 4251 3710 4313 ΡΜΝΟ.
3770 4245 4145 4320 JVVENm
4163 4242 4231 4316 ’Ξ

1216 4434 4314 4471 ...mm-*m

1298 4563 1362 4632 a)
1400 4559 1468 4618 L.
1505 4557 1831 4618 Lxxvm.
1872 4561 1922 4631 §-
1959 4566 2049 4624 34.

1226 4738 1581 4819 Capitolino·
1730 4738 1801 4813 h)
1840 4740 1988 4817 Cap.
2019 4748 2072 4803 8.

2192 4608 2196 4612 ,
2234 4613 2235 4616 ,
2296 4557 2472 4631 1))111
2511 4557 2784 4616 Diadum.
2827 4577 2878 4615 c.
2918 4568 2976 4621 5.

1224 4650 1296 4722 d)
1335 4648 1449 4706 Dio
1480 4648 1545 4705 L.
1583 4648 1908 4708 LXXVIII.
1946 4651 1997 4730 §.
2028 4660 2118 4723 39.
2205 4653 2270 4726 e)
2308 4647 2631 4727 Capitolin.
2667 4648 2726 4704 in
2759 4645 2937 4707 Macr.
2972 4667 3025 4711 c.
3060 4661 3145 4709 lo.

3211 4563 3272 4632 c)
3312 4556 3470 4618 Vide
3501 4556 3654 4612 infra
3684 4553 3794 4611 sub
3824 4552 3919 4610 his
3951 4546 4316 4609 nominihus.

3225 4648 3315 4742 „0
3353 4649 3418 4707 in
3450 4645 3725 4706 Diadum.
3763 4663 3813 4704 c.
3838 4654 3895 4710 ὅ.
4007 4629 4071 4719 g')
4111 4643 4320 4700 Museo
