<?xml version="1.0" encoding="UTF-8"?>
<!DOCTYPE html PUBLIC "-//W3C//DTD XHTML 1.0 Transitional//EN"
    "http://www.w3.org/TR/xhtml1/DTD/xhtml1-transitional.dtd">
<html xmlns="http://www.w3.org/1999/xhtml" xml:lang="en" lang="en">
 <head>
  <title>
</title>
<meta http-equiv="Content-Type" content="text/html;charset=utf-8" />
  <meta name='ocr-system' content='tesseract 3.04.00' />
  <meta name='ocr-capabilities' content='ocr_page ocr_carea ocr_par ocr_line ocrx_word'/>
</head>
<body>
  <div class='ocr_page' id='page_1' title='image "./doctrinanumorum05hohlgoog_0289.png"; bbox 0 0 4652 5937; ppageno 0'>
   <div class='ocr_carea' id='block_1_1' title="bbox 1166 445 2557 528">
    <p class='ocr_par' dir='ltr' id='par_1_1' title="bbox 1166 445 2557 528">
     <span class='ocr_line' id='line_1_1' title="bbox 1166 445 2557 528; baseline 0.001 -4"><span class='ocrx_word' id='word_1_1' title='bbox 1166 445 1921 526; x_wconf 82' lang='lat' dir='ltr'><strong>ALEXANDER</strong></span> <span class='ocrx_word' id='word_1_2' title='bbox 1987 446 2557 528; x_wconf 85' lang='lat' dir='ltr'><strong>SEVERVS.</strong></span> 
     </span>
    </p>
   </div>
   <div class='ocr_carea' id='block_1_2' title="bbox 331 637 1828 919">
    <p class='ocr_par' dir='ltr' id='par_1_2' title="bbox 331 637 1828 919">
     <span class='ocr_line' id='line_1_2' title="bbox 369 637 1494 702; baseline 0 -3"><span class='ocrx_word' id='word_1_3' title='bbox 369 674 376 680; x_wconf 94' lang='lat'>-</span> <span class='ocrx_word' id='word_1_4' title='bbox 682 638 756 699; x_wconf 79' lang='grc'><em>7.</em></span> <span class='ocrx_word' id='word_1_5' title='bbox 805 637 868 698; x_wconf 79' lang='lat' dir='ltr'>C.</span> <span class='ocrx_word' id='word_1_6' title='bbox 911 642 1057 701; x_wconf 76' lang='lat'>975.</span> <span class='ocrx_word' id='word_1_7' title='bbox 1102 637 1177 699; x_wconf 88' lang='grc' dir='ltr'><em>Ρ.</em></span> <span class='ocrx_word' id='word_1_8' title='bbox 1219 637 1302 699; x_wconf 69' lang='grc' dir='ltr'><em>Χ.</em></span> <span class='ocrx_word' id='word_1_9' title='bbox 1348 643 1494 702; x_wconf 78' lang='lat'><strong>222.</strong></span> 
     </span>
     <span class='ocr_line' id='line_1_3' title="bbox 374 737 1786 801; baseline -0.003 0"><span class='ocrx_word' id='word_1_10' title='bbox 374 739 743 801; x_wconf 70' lang='lat' dir='ltr'>CAESAR.</span> <span class='ocrx_word' id='word_1_11' title='bbox 785 739 1060 799; x_wconf 80' lang='lat' dir='ltr'><strong>PRINC.</strong></span> <span class='ocrx_word' id='word_1_12' title='bbox 1106 738 1282 797; x_wconf 82' lang='lat' dir='ltr'>IVV.</span> <span class='ocrx_word' id='word_1_13' title='bbox 1319 738 1495 798; x_wconf 85' lang='lat' dir='ltr'>COS.</span> <span class='ocrx_word' id='word_1_14' title='bbox 1532 737 1786 799; x_wconf 82' lang='grc' dir='ltr'><em>ΡΟΝΤ.</em></span> 
     </span>
     <span class='ocr_line' id='line_1_4' title="bbox 331 839 1828 919; baseline 0 -16"><span class='ocrx_word' id='word_1_15' title='bbox 331 841 666 903; x_wconf 75' lang='lat' dir='ltr'>Antonino</span> <span class='ocrx_word' id='word_1_16' title='bbox 692 842 862 919; x_wconf 76' lang='lat' dir='ltr'>Any.</span> <span class='ocrx_word' id='word_1_17' title='bbox 901 842 1017 901; x_wconf 84' lang='lat' dir='ltr'>IV.</span> <span class='ocrx_word' id='word_1_18' title='bbox 1061 839 1438 900; x_wconf 76' lang='lat' dir='ltr'>Alexandro</span> <span class='ocrx_word' id='word_1_19' title='bbox 1486 839 1663 900; x_wconf 78' lang='lat' dir='ltr'>Caes.</span> <span class='ocrx_word' id='word_1_20' title='bbox 1695 858 1828 903; x_wconf 68' lang='lat' dir='ltr'>cos.</span> 
     </span>
    </p>
   </div>
   <div class='ocr_carea' id='block_1_3' title="bbox 328 972 1831 1668">
    <p class='ocr_par' dir='ltr' id='par_1_3' title="bbox 328 972 1831 1668">
     <span class='ocr_line' id='line_1_5' title="bbox 617 972 1828 1044; baseline 0.001 -6"><span class='ocrx_word' id='word_1_21' title='bbox 617 974 709 1038; x_wconf 66' lang='lat' dir='ltr'>ns.</span> <span class='ocrx_word' id='word_1_22' title='bbox 741 977 940 1044; x_wconf 87' lang='lat' dir='ltr'><strong>AVR.</strong></span> <span class='ocrx_word' id='word_1_23' title='bbox 971 972 1538 1041; x_wconf 80' lang='lat' dir='ltr'><strong>ALEXANDER.</strong></span> <span class='ocrx_word' id='word_1_24' title='bbox 1584 973 1828 1039; x_wconf 82' lang='lat' dir='ltr'><strong>CAES.</strong></span> 
     </span>
     <span class='ocr_line' id='line_1_6' title="bbox 626 1082 1117 1153; baseline -0.006 -12"><span class='ocrx_word' id='word_1_25' title='bbox 626 1082 831 1153; x_wconf 79' lang='lat' dir='ltr'>Caput</span> <span class='ocrx_word' id='word_1_26' title='bbox 860 1083 1117 1140; x_wconf 74' lang='lat' dir='ltr'>nudum.</span> 
     </span>
     <span class='ocr_line' id='line_1_7' title="bbox 329 1176 1831 1243; baseline -0.003 0"><span class='ocrx_word' id='word_1_27' title='bbox 329 1177 809 1243; x_wconf 83' lang='lat' dir='ltr'><strong>PONTIFEX.</strong></span> <span class='ocrx_word' id='word_1_28' title='bbox 835 1180 1025 1242; x_wconf 88' lang='lat' dir='ltr'><strong>COS.</strong></span> <span class='ocrx_word' id='word_1_29' title='bbox 1056 1180 1123 1241; x_wconf 91' lang='lat' dir='ltr'>S.</span> <span class='ocrx_word' id='word_1_30' title='bbox 1148 1176 1220 1240; x_wconf 88' lang='lat' dir='ltr'>C.</span> <span class='ocrx_word' id='word_1_31' title='bbox 1250 1180 1591 1240; x_wconf 69' lang='lat' dir='ltr'>Processu</span> <span class='ocrx_word' id='word_1_32' title='bbox 1608 1198 1831 1240; x_wconf 78' lang='lat' dir='ltr'>comu-</span> 
     </span>
     <span class='ocr_line' id='line_1_8' title="bbox 330 1266 1827 1363; baseline -0.002 -21"><span class='ocrx_word' id='word_1_33' title='bbox 330 1282 493 1342; x_wconf 76' lang='lat' dir='ltr'>laris</span> <span class='ocrx_word' id='word_1_34' title='bbox 526 1285 598 1342; x_wconf 69' lang='grc' dir='ltr'>ἐκ</span> <span class='ocrx_word' id='word_1_35' title='bbox 627 1268 965 1363; x_wconf 71' lang='lat' dir='ltr'>quadriyis</span> <span class='ocrx_word' id='word_1_36' title='bbox 996 1284 1056 1342; x_wconf 83' lang='lat' dir='ltr'>d.</span> <span class='ocrx_word' id='word_1_37' title='bbox 1079 1266 1389 1359; x_wconf 67' lang='lat' dir='ltr'>sceptrum</span> <span class='ocrx_word' id='word_1_38' title='bbox 1415 1301 1558 1343; x_wconf 79' lang='lat' dir='ltr'>cum</span> <span class='ocrx_word' id='word_1_39' title='bbox 1577 1282 1827 1363; x_wconf 72' lang='lat' dir='ltr'>aquila.</span> 
     </span>
     <span class='ocr_line' id='line_1_9' title="bbox 328 1382 1081 1462; baseline 0.001 -19"><span class='ocrx_word' id='word_1_40' title='bbox 328 1383 467 1443; x_wconf 82' lang='grc' dir='ltr'>ΔΕ.</span> <span class='ocrx_word' id='word_1_41' title='bbox 505 1382 586 1442; x_wconf 90' lang='lat'>11.</span> <span class='ocrx_word' id='word_1_42' title='bbox 624 1385 824 1460; x_wconf 74' lang='lat' dir='ltr'>(Mus.</span> <span class='ocrx_word' id='word_1_43' title='bbox 860 1384 1081 1462; x_wconf 86' lang='lat' dir='ltr'>Caes.)</span> 
     </span>
     <span class='ocr_line' id='line_1_10' title="bbox 461 1480 1827 1568; baseline 0 -26"><span class='ocrx_word' id='word_1_44' title='bbox 461 1483 795 1549; x_wconf 76' lang='lat' dir='ltr'>Iudicatur</span> <span class='ocrx_word' id='word_1_45' title='bbox 824 1484 953 1546; x_wconf 91' lang='lat' dir='ltr'>hoc</span> <span class='ocrx_word' id='word_1_46' title='bbox 990 1498 1145 1567; x_wconf 82' lang='lat' dir='ltr'><strong>typo</strong></span> <span class='ocrx_word' id='word_1_47' title='bbox 1167 1529 1185 1559; x_wconf 93' lang='lat'>,</span> <span class='ocrx_word' id='word_1_48' title='bbox 1230 1483 1407 1568; x_wconf 82' lang='lat' dir='ltr'>quod</span> <span class='ocrx_word' id='word_1_49' title='bbox 1445 1480 1692 1546; x_wconf 79' lang='lat' dir='ltr'>factum</span> <span class='ocrx_word' id='word_1_50' title='bbox 1716 1502 1827 1546; x_wconf 60' lang='lat' dir='ltr'>ans·</span> 
     </span>
     <span class='ocr_line' id='line_1_11' title="bbox 333 1583 1409 1668; baseline 0 -21"><span class='ocrx_word' id='word_1_51' title='bbox 333 1604 423 1647; x_wconf 85' lang='lat' dir='ltr'>no</span> <span class='ocrx_word' id='word_1_52' title='bbox 460 1597 809 1668; x_wconf 78' lang='lat' dir='ltr'><strong>praesente</strong></span> <span class='ocrx_word' id='word_1_53' title='bbox 843 1583 1198 1666; x_wconf 83' lang='lat' dir='ltr'><strong>prodidere</strong></span> <span class='ocrx_word' id='word_1_54' title='bbox 1231 1583 1409 1648; x_wconf 80' lang='lat' dir='ltr'>fasti.</span> 
     </span>
    </p>
   </div>
   <div class='ocr_carea' id='block_1_4' title="bbox 457 1726 1678 1928">
    <p class='ocr_par' dir='ltr' id='par_1_4' title="bbox 457 1726 1678 1928">
     <span class='ocr_line' id='line_1_12' title="bbox 680 1726 1335 1785; baseline 0 -2"><span class='ocrx_word' id='word_1_55' title='bbox 680 1750 691 1761; x_wconf 73' lang='lat'><strong><em>¹</em></strong></span> <span class='ocrx_word' id='word_1_56' title='bbox 831 1726 1078 1785; x_wconf 83' lang='lat' dir='ltr'>Eodem</span> <span class='ocrx_word' id='word_1_57' title='bbox 1119 1744 1288 1784; x_wconf 81' lang='lat' dir='ltr'>anno</span> <span class='ocrx_word' id='word_1_58' title='bbox 1310 1745 1335 1783; x_wconf 72' lang='lat'>.-</span> 
     </span>
     <span class='ocr_line' id='line_1_13' title="bbox 457 1824 1678 1928; baseline -0.002 -40"><span class='ocrx_word' id='word_1_59' title='bbox 457 1828 668 1928; x_wconf 55' lang='grc'><em>«(76.</em></span> <span class='ocrx_word' id='word_1_60' title='bbox 722 1826 848 1885; x_wconf 83' lang='lat' dir='ltr'>TR.</span> <span class='ocrx_word' id='word_1_61' title='bbox 895 1827 967 1884; x_wconf 87' lang='lat' dir='ltr'>P.</span> <span class='ocrx_word' id='word_1_62' title='bbox 1015 1827 1192 1921; x_wconf 69' lang='lat'>⁰0⁸:</span> <span class='ocrx_word' id='word_1_63' title='bbox 1235 1827 1308 1886; x_wconf 86' lang='lat' dir='ltr'>P.</span> <span class='ocrx_word' id='word_1_64' title='bbox 1354 1828 1441 1885; x_wconf 81' lang='lat' dir='ltr'>M.</span> <span class='ocrx_word' id='word_1_65' title='bbox 1486 1826 1559 1884; x_wconf 90' lang='grc' dir='ltr'><em>Ρ.</em></span> <span class='ocrx_word' id='word_1_66' title='bbox 1602 1824 1678 1885; x_wconf 86' lang='grc' dir='ltr'><em>Ρ.</em></span> 
     </span>
    </p>
   </div>
   <div class='ocr_carea' id='block_1_5' title="bbox 326 1940 1830 2941">
    <p class='ocr_par' dir='ltr' id='par_1_5' title="bbox 326 1940 1830 2941">
     <span class='ocr_line' id='line_1_14' title="bbox 459 1940 1826 2027; baseline -0.003 -21"><span class='ocrx_word' id='word_1_67' title='bbox 459 1941 859 2027; x_wconf 77' lang='lat' dir='ltr'>Elagabalus</span> <span class='ocrx_word' id='word_1_68' title='bbox 891 1942 1333 2022; x_wconf 72' lang='lat' dir='ltr'><strong>Alexandrum</strong></span> <span class='ocrx_word' id='word_1_69' title='bbox 1388 1940 1594 2003; x_wconf 89' lang='lat' dir='ltr'>semel</span> <span class='ocrx_word' id='word_1_70' title='bbox 1630 1953 1826 2023; x_wconf 85' lang='lat' dir='ltr'>atque</span> 
     </span>
     <span class='ocr_line' id='line_1_15' title="bbox 327 2038 1830 2127; baseline -0.005 -18"><span class='ocrx_word' id='word_1_71' title='bbox 327 2049 575 2109; x_wconf 81' lang='lat' dir='ltr'>iterum</span> <span class='ocrx_word' id='word_1_72' title='bbox 626 2045 869 2127; x_wconf 83' lang='lat' dir='ltr'>apertis</span> <span class='ocrx_word' id='word_1_73' title='bbox 906 2042 1160 2105; x_wconf 79' lang='lat' dir='ltr'>insidiis</span> <span class='ocrx_word' id='word_1_74' title='bbox 1206 2042 1291 2104; x_wconf 81' lang='lat' dir='ltr'>ad</span> <span class='ocrx_word' id='word_1_75' title='bbox 1336 2060 1570 2104; x_wconf 86' lang='lat' dir='ltr'>necem</span> <span class='ocrx_word' id='word_1_76' title='bbox 1627 2038 1830 2123; x_wconf 79' lang='lat' dir='ltr'>depo-</span> 
     </span>
     <span class='ocr_line' id='line_1_16' title="bbox 329 2140 1827 2228; baseline -0.005 -17"><span class='ocrx_word' id='word_1_77' title='bbox 329 2148 476 2211; x_wconf 79' lang='lat' dir='ltr'>scit.</span> <span class='ocrx_word' id='word_1_78' title='bbox 532 2149 706 2208; x_wconf 88' lang='lat' dir='ltr'>Eum</span> <span class='ocrx_word' id='word_1_79' title='bbox 744 2145 884 2207; x_wconf 74' lang='lat' dir='ltr'>avia</span> <span class='ocrx_word' id='word_1_80' title='bbox 925 2158 1120 2228; x_wconf 85' lang='lat' dir='ltr'>atque</span> <span class='ocrx_word' id='word_1_81' title='bbox 1157 2156 1407 2221; x_wconf 88' lang='lat' dir='ltr'>mater,</span> <span class='ocrx_word' id='word_1_82' title='bbox 1454 2140 1827 2216; x_wconf 72' lang='lat' dir='ltr'>tumfavor</span> 
     </span>
     <span class='ocr_line' id='line_1_17' title="bbox 332 2243 1826 2330; baseline -0.003 -18"><span class='ocrx_word' id='word_1_83' title='bbox 332 2249 617 2312; x_wconf 88' lang='lat' dir='ltr'>militum</span> <span class='ocrx_word' id='word_1_84' title='bbox 686 2247 767 2308; x_wconf 89' lang='lat' dir='ltr'>ab</span> <span class='ocrx_word' id='word_1_85' title='bbox 820 2246 1089 2308; x_wconf 88' lang='lat' dir='ltr'>interitu</span> <span class='ocrx_word' id='word_1_86' title='bbox 1136 2243 1487 2310; x_wconf 81' lang='lat' dir='ltr'>vindicant.</span> <span class='ocrx_word' id='word_1_87' title='bbox 1573 2248 1826 2330; x_wconf 84' lang='lat' dir='ltr'>Despe-</span> 
     </span>
     <span class='ocr_line' id='line_1_18' title="bbox 329 2344 1824 2431; baseline -0.002 -17"><span class='ocrx_word' id='word_1_88' title='bbox 329 2365 479 2414; x_wconf 85' lang='lat' dir='ltr'>rato</span> <span class='ocrx_word' id='word_1_89' title='bbox 514 2368 876 2423; x_wconf 87' lang='lat' dir='ltr'>consensu,</span> <span class='ocrx_word' id='word_1_90' title='bbox 920 2360 988 2408; x_wconf 88' lang='lat' dir='ltr'>et</span> <span class='ocrx_word' id='word_1_91' title='bbox 1017 2348 1378 2431; x_wconf 84' lang='lat' dir='ltr'>Elagabalo</span> <span class='ocrx_word' id='word_1_92' title='bbox 1420 2348 1688 2410; x_wconf 83' lang='lat' dir='ltr'>circiter</span> <span class='ocrx_word' id='word_1_93' title='bbox 1718 2344 1824 2411; x_wconf 80' lang='lat' dir='ltr'>die</span> 
     </span>
     <span class='ocr_line' id='line_1_19' title="bbox 326 2449 1828 2533; baseline -0.001 -20"><span class='ocrx_word' id='word_1_94' title='bbox 326 2452 444 2513; x_wconf 71' lang='lat'>11.</span> <span class='ocrx_word' id='word_1_95' title='bbox 482 2450 705 2513; x_wconf 80' lang='lat' dir='ltr'>Martii</span> <span class='ocrx_word' id='word_1_96' title='bbox 738 2471 773 2510; x_wconf 87' lang='lat' dir='ltr'>a</span> <span class='ocrx_word' id='word_1_97' title='bbox 804 2450 1231 2533; x_wconf 84' lang='lat' dir='ltr'>praetorianis</span> <span class='ocrx_word' id='word_1_98' title='bbox 1265 2449 1639 2526; x_wconf 69' lang='lat' dir='ltr'>interfecte,</span> <span class='ocrx_word' id='word_1_99' title='bbox 1675 2449 1828 2512; x_wconf 83' lang='lat' dir='ltr'>Ale·</span> 
     </span>
     <span class='ocr_line' id='line_1_20' title="bbox 329 2552 1827 2636; baseline -0.003 -21"><span class='ocrx_word' id='word_1_100' title='bbox 329 2553 584 2615; x_wconf 84' lang='lat' dir='ltr'>xander</span> <span class='ocrx_word' id='word_1_101' title='bbox 623 2573 790 2613; x_wconf 89' lang='lat' dir='ltr'>unus</span> <span class='ocrx_word' id='word_1_102' title='bbox 840 2553 1201 2635; x_wconf 85' lang='lat' dir='ltr'>imperator</span> <span class='ocrx_word' id='word_1_103' title='bbox 1253 2552 1670 2636; x_wconf 81' lang='lat' dir='ltr'>agnoscitur,</span> <span class='ocrx_word' id='word_1_104' title='bbox 1734 2562 1827 2611; x_wconf 88' lang='lat' dir='ltr'>at.-</span> 
     </span>
     <span class='ocr_line' id='line_1_21' title="bbox 329 2652 1824 2743; baseline -0.003 -27"><span class='ocrx_word' id='word_1_105' title='bbox 329 2675 462 2741; x_wconf 90' lang='lat' dir='ltr'>que</span> <span class='ocrx_word' id='word_1_106' title='bbox 511 2675 646 2716; x_wconf 88' lang='lat' dir='ltr'>uno</span> <span class='ocrx_word' id='word_1_107' title='bbox 689 2652 1068 2737; x_wconf 77' lang='lat' dir='ltr'>eodemque·</span> <span class='ocrx_word' id='word_1_108' title='bbox 1111 2653 1294 2715; x_wconf 85' lang='lat' dir='ltr'>die.a</span> <span class='ocrx_word' id='word_1_109' title='bbox 1330 2667 1559 2715; x_wconf 86' lang='lat' dir='ltr'>senatu</span> <span class='ocrx_word' id='word_1_110' title='bbox 1603 2653 1824 2743; x_wconf 80' lang='lat' dir='ltr'>Augu-</span> 
     </span>
     <span class='ocr_line' id='line_1_22' title="bbox 332 2753 1827 2838; baseline -0.003 -18"><span class='ocrx_word' id='word_1_111' title='bbox 332 2770 469 2820; x_wconf 79' lang='lat' dir='ltr'>stus</span> <span class='ocrx_word' id='word_1_112' title='bbox 494 2780 528 2833; x_wconf 82' lang='lat'>,·</span> <span class='ocrx_word' id='word_1_113' title='bbox 596 2756 744 2817; x_wconf 85' lang='lat' dir='ltr'>trib.</span> <span class='ocrx_word' id='word_1_114' title='bbox 805 2755 1186 2838; x_wconf 77' lang='lat' dir='ltr'>potestatis,</span> <span class='ocrx_word' id='word_1_115' title='bbox 1258 2754 1559 2838; x_wconf 79' lang='lat' dir='ltr'>pontifex</span> <span class='ocrx_word' id='word_1_116' title='bbox 1627 2753 1827 2817; x_wconf 81' lang='lat' dir='ltr'>maxi-</span> 
     </span>
     <span class='ocr_line' id='line_1_23' title="bbox 331 2856 1825 2941; baseline -0.003 -20"><span class='ocrx_word' id='word_1_117' title='bbox 331 2879 517 2934; x_wconf 83' lang='lat' dir='ltr'>mus,</span> <span class='ocrx_word' id='word_1_118' title='bbox 562 2871 749 2941; x_wconf 88' lang='lat' dir='ltr'>pater</span> <span class='ocrx_word' id='word_1_119' title='bbox 784 2857 1032 2941; x_wconf 81' lang='lat' dir='ltr'>patriae</span> <span class='ocrx_word' id='word_1_120' title='bbox 1071 2856 1310 2919; x_wconf 80' lang='lat' dir='ltr'>dicitur</span> <span class='ocrx_word' id='word_1_121' title='bbox 1343 2859 1419 2935; x_wconf 81' lang='lat'>⁸).</span> <span class='ocrx_word' id='word_1_122' title='bbox 1465 2860 1692 2919; x_wconf 76' lang='lat' dir='ltr'>Severi</span> <span class='ocrx_word' id='word_1_123' title='bbox 1709 2876 1825 2916; x_wconf 92' lang='lat' dir='ltr'>no-</span> 
     </span>
    </p>
   </div>
   <div class='ocr_carea' id='block_1_6' title="bbox 190 2958 1825 3042">
    <p class='ocr_par' dir='ltr' id='par_1_6' title="bbox 190 2958 1825 3042">
     <span class='ocr_line' id='line_1_24' title="bbox 190 2958 1825 3042; baseline -0.004 -17"><span class='ocrx_word' id='word_1_124' title='bbox 190 2985 205 3002; x_wconf 91' lang='lat'><strong>·</strong></span> <span class='ocrx_word' id='word_1_125' title='bbox 333 2983 488 3025; x_wconf 88' lang='lat' dir='ltr'>men</span> <span class='ocrx_word' id='word_1_126' title='bbox 528 2960 849 3023; x_wconf 80' lang='lat' dir='ltr'>recusatis</span> <span class='ocrx_word' id='word_1_127' title='bbox 897 2959 1207 3021; x_wconf 78' lang='lat' dir='ltr'>Antonini</span> <span class='ocrx_word' id='word_1_128' title='bbox 1260 2973 1325 3028; x_wconf 85' lang='lat' dir='ltr'>et</span> <span class='ocrx_word' id='word_1_129' title='bbox 1359 2959 1583 3042; x_wconf 78' lang='lat' dir='ltr'>Magni</span> <span class='ocrx_word' id='word_1_130' title='bbox 1625 2958 1825 3019; x_wconf 88' lang='lat' dir='ltr'>susci·</span> 
     </span>
    </p>
   </div>
   <div class='ocr_carea' id='block_1_7' title="bbox 330 3059 1829 4573">
    <p class='ocr_par' dir='ltr' id='par_1_7' title="bbox 330 3059 1829 4573">
     <span class='ocr_line' id='line_1_25' title="bbox 331 3059 1822 3147; baseline -0.005 -21"><span class='ocrx_word' id='word_1_131' title='bbox 331 3064 469 3147; x_wconf 78' lang='lat' dir='ltr'>pit,</span> <span class='ocrx_word' id='word_1_132' title='bbox 512 3062 656 3147; x_wconf 81' lang='lat' dir='ltr'>ipse</span> <span class='ocrx_word' id='word_1_133' title='bbox 714 3066 976 3127; x_wconf 58' lang='lat' dir='ltr'>Maeffe</span> <span class='ocrx_word' id='word_1_134' title='bbox 1026 3076 1095 3122; x_wconf 86' lang='lat' dir='ltr'>et.</span> <span class='ocrx_word' id='word_1_135' title='bbox 1142 3061 1475 3123; x_wconf 79' lang='lat' dir='ltr'>Mamaeae</span> <span class='ocrx_word' id='word_1_136' title='bbox 1531 3059 1822 3122; x_wconf 85' lang='lat' dir='ltr'>consiliis</span> 
     </span>
     <span class='ocr_line' id='line_1_26' title="bbox 334 3160 1825 3249; baseline -0.003 -23"><span class='ocrx_word' id='word_1_137' title='bbox 334 3163 707 3249; x_wconf 86' lang='lat' dir='ltr'>obsequens</span> <span class='ocrx_word' id='word_1_138' title='bbox 763 3184 981 3226; x_wconf 90' lang='lat' dir='ltr'>mores</span> <span class='ocrx_word' id='word_1_139' title='bbox 1030 3162 1213 3225; x_wconf 86' lang='lat' dir='ltr'>urbis</span> <span class='ocrx_word' id='word_1_140' title='bbox 1260 3160 1599 3236; x_wconf 79' lang='lat' dir='ltr'>emendat,</span> <span class='ocrx_word' id='word_1_141' title='bbox 1646 3175 1825 3223; x_wconf 77' lang='lat' dir='ltr'>vete-</span> 
     </span>
     <span class='ocr_line' id='line_1_27' title="bbox 330 3262 1825 3347; baseline -0.005 -18"><span class='ocrx_word' id='word_1_142' title='bbox 330 3284 478 3329; x_wconf 83' lang='lat' dir='ltr'>rem</span> <span class='ocrx_word' id='word_1_143' title='bbox 515 3264 913 3347; x_wconf 80' lang='lat' dir='ltr'>religionem</span> <span class='ocrx_word' id='word_1_144' title='bbox 946 3265 1263 3339; x_wconf 86' lang='lat' dir='ltr'>restituit,</span> <span class='ocrx_word' id='word_1_145' title='bbox 1311 3263 1488 3325; x_wconf 77' lang='lat' dir='ltr'>viros</span> <span class='ocrx_word' id='word_1_146' title='bbox 1534 3262 1616 3325; x_wconf 87' lang='lat' dir='ltr'>ab</span> <span class='ocrx_word' id='word_1_147' title='bbox 1660 3263 1825 3323; x_wconf 86' lang='lat' dir='ltr'>inte·</span> 
     </span>
     <span class='ocr_line' id='line_1_28' title="bbox 336 3357 1822 3449; baseline -0.003 -20"><span class='ocrx_word' id='word_1_148' title='bbox 336 3368 613 3449; x_wconf 81' lang='lat' dir='ltr'>gritate,</span> <span class='ocrx_word' id='word_1_149' title='bbox 650 3357 727 3429; x_wconf 87' lang='lat' dir='ltr'>&#39;et</span> <span class='ocrx_word' id='word_1_150' title='bbox 779 3387 1001 3428; x_wconf 88' lang='lat' dir='ltr'>rerum</span> <span class='ocrx_word' id='word_1_151' title='bbox 1051 3365 1327 3428; x_wconf 83' lang='lat' dir='ltr'>scientia</span> <span class='ocrx_word' id='word_1_152' title='bbox 1362 3365 1662 3448; x_wconf 82' lang='lat' dir='ltr'>cognitos</span> <span class='ocrx_word' id='word_1_153' title='bbox 1719 3381 1822 3424; x_wconf 86' lang='lat' dir='ltr'>re·</span> 
     </span>
     <span class='ocr_line' id='line_1_29' title="bbox 331 3465 1247 3553; baseline -0.001 -24"><span class='ocrx_word' id='word_1_154' title='bbox 331 3465 456 3530; x_wconf 79' lang='lat' dir='ltr'>bus</span> <span class='ocrx_word' id='word_1_155' title='bbox 492 3468 801 3553; x_wconf 79' lang='lat' dir='ltr'>gerendis</span> <span class='ocrx_word' id='word_1_156' title='bbox 835 3467 1133 3550; x_wconf 80' lang='lat' dir='ltr'>praeficit</span> <span class='ocrx_word' id='word_1_157' title='bbox 1163 3467 1247 3547; x_wconf 73' lang='lat' dir='ltr'>b).</span> 
     </span>
     <span class='ocr_line' id='line_1_30' title="bbox 460 3564 1826 3652; baseline -0.005 -20"><span class='ocrx_word' id='word_1_158' title='bbox 460 3569 1033 3633; x_wconf 69' lang='lat' dir='ltr'>praemonendum</span> <span class='ocrx_word' id='word_1_159' title='bbox 1076 3568 1162 3631; x_wconf 81' lang='lat' dir='ltr'>ad</span> <span class='ocrx_word' id='word_1_160' title='bbox 1189 3567 1435 3652; x_wconf 81' lang='lat' dir='ltr'>primos</span> <span class='ocrx_word' id='word_1_161' title='bbox 1467 3564 1826 3630; x_wconf 74' lang='lat' dir='ltr'>Alexandri</span> 
     </span>
     <span class='ocr_line' id='line_1_31' title="bbox 336 3667 1824 3756; baseline -0.006 -20"><span class='ocrx_word' id='word_1_162' title='bbox 336 3674 509 3756; x_wconf 83' lang='lat' dir='ltr'>Aug.</span> <span class='ocrx_word' id='word_1_163' title='bbox 539 3693 809 3752; x_wconf 69' lang='lat' dir='ltr'>numos,</span> <span class='ocrx_word' id='word_1_164' title='bbox 854 3671 1090 3736; x_wconf 79' lang='lat' dir='ltr'>horum</span> <span class='ocrx_word' id='word_1_165' title='bbox 1112 3679 1543 3754; x_wconf 62' lang='lat' dir='ltr'>nonpaucos,</span> <span class='ocrx_word' id='word_1_166' title='bbox 1574 3667 1824 3752; x_wconf 80' lang='lat' dir='ltr'>quipor</span> 
     </span>
     <span class='ocr_line' id='line_1_32' title="bbox 334 3766 1826 3858; baseline -0.006 -21"><span class='ocrx_word' id='word_1_167' title='bbox 334 3775 841 3857; x_wconf 74' lang='lat' dir='ltr'>inscriptionem.</span> <span class='ocrx_word' id='word_1_168' title='bbox 869 3788 1049 3835; x_wconf 92' lang='lat' dir='ltr'>certe</span> <span class='ocrx_word' id='word_1_169' title='bbox 1085 3787 1235 3835; x_wconf 88' lang='lat' dir='ltr'>sunt</span> <span class='ocrx_word' id='word_1_170' title='bbox 1263 3770 1656 3858; x_wconf 46' lang='lat' dir='ltr'>hujusxanni,</span> <span class='ocrx_word' id='word_1_171' title='bbox 1689 3766 1826 3829; x_wconf 81' lang='lat' dir='ltr'>vel-</span> 
     </span>
     <span class='ocr_line' id='line_1_33' title="bbox 336 3874 1823 3951; baseline -0.002 -14"><span class='ocrx_word' id='word_1_172' title='bbox 336 3887 441 3937; x_wconf 77' lang='lat' dir='ltr'>ut:</span> <span class='ocrx_word' id='word_1_173' title='bbox 467 3877 563 3936; x_wconf 86' lang='lat' dir='ltr'>-P.</span> <span class='ocrx_word' id='word_1_174' title='bbox 592 3878 691 3936; x_wconf 73' lang='grc' dir='ltr'><em>Μ.</em></span> <span class='ocrx_word' id='word_1_175' title='bbox 730 3876 865 3936; x_wconf 83' lang='lat' dir='ltr'>TR.</span> <span class='ocrx_word' id='word_1_176' title='bbox 904 3878 979 3940; x_wconf 85' lang='lat' dir='ltr'>P.</span> <span class='ocrx_word' id='word_1_177' title='bbox 1017 3874 1205 3939; x_wconf 78' lang='lat' dir='ltr'><strong>COS.</strong></span> <span class='ocrx_word' id='word_1_178' title='bbox 1231 3920 1250 3951; x_wconf 90' lang='lat'>,</span> <span class='ocrx_word' id='word_1_179' title='bbox 1295 3875 1363 3935; x_wconf 89' lang='lat' dir='ltr'>in</span> <span class='ocrx_word' id='word_1_180' title='bbox 1396 3885 1547 3935; x_wconf 79' lang='lat' dir='ltr'>area</span> <span class='ocrx_word' id='word_1_181' title='bbox 1578 3883 1823 3934; x_wconf 75' lang='lat' dir='ltr'>astrum</span> 
     </span>
     <span class='ocr_line' id='line_1_34' title="bbox 332 3974 1824 4062; baseline 0.001 -24"><span class='ocrx_word' id='word_1_182' title='bbox 332 3974 654 4060; x_wconf 75' lang='lat' dir='ltr'>perinde,</span> <span class='ocrx_word' id='word_1_183' title='bbox 713 3998 787 4039; x_wconf 86' lang='lat' dir='ltr'>ac</span> <span class='ocrx_word' id='word_1_184' title='bbox 841 3977 909 4038; x_wconf 88' lang='lat' dir='ltr'>in</span> <span class='ocrx_word' id='word_1_185' title='bbox 952 3979 1166 4039; x_wconf 88' lang='lat' dir='ltr'>numis</span> <span class='ocrx_word' id='word_1_186' title='bbox 1214 3976 1560 4062; x_wconf 85' lang='lat' dir='ltr'>Elagabali</span> <span class='ocrx_word' id='word_1_187' title='bbox 1609 3992 1824 4041; x_wconf 81' lang='lat' dir='ltr'>osten·</span> 
     </span>
     <span class='ocr_line' id='line_1_35' title="bbox 333 4077 1826 4160; baseline -0.001 -18"><span class='ocrx_word' id='word_1_188' title='bbox 333 4092 498 4142; x_wconf 80' lang='lat' dir='ltr'>tare.</span> <span class='ocrx_word' id='word_1_189' title='bbox 584 4077 888 4141; x_wconf 80' lang='lat' dir='ltr'>Diximus</span> <span class='ocrx_word' id='word_1_190' title='bbox 932 4078 1000 4151; x_wconf 83' lang='lat' dir='ltr'>in</span> <span class='ocrx_word' id='word_1_191' title='bbox 1053 4077 1247 4160; x_wconf 86' lang='lat' dir='ltr'>hujus</span> <span class='ocrx_word' id='word_1_192' title='bbox 1282 4082 1537 4156; x_wconf 82' lang='lat' dir='ltr'>munis,</span> <span class='ocrx_word' id='word_1_193' title='bbox 1584 4100 1665 4143; x_wconf 91' lang='lat' dir='ltr'>eo</span> <span class='ocrx_word' id='word_1_194' title='bbox 1709 4099 1826 4141; x_wconf 89' lang='lat' dir='ltr'>no·</span> 
     </span>
     <span class='ocr_line' id='line_1_36' title="bbox 336 4165 1827 4265; baseline 0 -21"><span class='ocrx_word' id='word_1_195' title='bbox 336 4182 464 4244; x_wconf 75' lang='lat' dir='ltr'>tari</span> <span class='ocrx_word' id='word_1_196' title='bbox 516 4180 713 4244; x_wconf 82' lang='lat' dir='ltr'>deum</span> <span class='ocrx_word' id='word_1_197' title='bbox 759 4179 1234 4265; x_wconf 73' lang='lat' dir='ltr'>Elagabalum,</span> <span class='ocrx_word' id='word_1_198' title='bbox 1286 4165 1412 4245; x_wconf 59' lang='lat' dir='ltr'>⁸seu</span> <span class='ocrx_word' id='word_1_199' title='bbox 1463 4181 1673 4245; x_wconf 78' lang='lat' dir='ltr'>solem</span> <span class='ocrx_word' id='word_1_200' title='bbox 1705 4180 1827 4244; x_wconf 86' lang='lat' dir='ltr'>im·</span> 
     </span>
     <span class='ocr_line' id='line_1_37' title="bbox 332 4281 1829 4368; baseline -0.001 -22"><span class='ocrx_word' id='word_1_201' title='bbox 332 4281 629 4368; x_wconf 82' lang='lat' dir='ltr'>peratori</span> <span class='ocrx_word' id='word_1_202' title='bbox 676 4283 1156 4365; x_wconf 84' lang='lat' dir='ltr'>cognominem.</span> <span class='ocrx_word' id='word_1_203' title='bbox 1216 4283 1380 4366; x_wconf 85' lang='lat' dir='ltr'>Ejus</span> <span class='ocrx_word' id='word_1_204' title='bbox 1429 4285 1496 4347; x_wconf 92' lang='lat' dir='ltr'>in</span> <span class='ocrx_word' id='word_1_205' title='bbox 1544 4282 1829 4347; x_wconf 84' lang='lat' dir='ltr'>Alexan-</span> 
     </span>
     <span class='ocr_line' id='line_1_38' title="bbox 336 4382 1823 4467; baseline 0.001 -20"><span class='ocrx_word' id='word_1_206' title='bbox 336 4382 443 4447; x_wconf 76' lang='lat' dir='ltr'>dri</span> <span class='ocrx_word' id='word_1_207' title='bbox 508 4384 725 4445; x_wconf 89' lang='lat' dir='ltr'>numis</span> <span class='ocrx_word' id='word_1_208' title='bbox 782 4383 1158 4467; x_wconf 83' lang='lat' dir='ltr'>explicandi</span> <span class='ocrx_word' id='word_1_209' title='bbox 1226 4387 1419 4450; x_wconf 84' lang='lat' dir='ltr'>aliam</span> <span class='ocrx_word' id='word_1_210' title='bbox 1499 4387 1823 4450; x_wconf 76' lang='lat' dir='ltr'>rationem</span> 
     </span>
     <span class='ocr_line' id='line_1_39' title="bbox 333 4486 1825 4573; baseline 0 -23"><span class='ocrx_word' id='word_1_211' title='bbox 333 4507 471 4551; x_wconf 86' lang='lat' dir='ltr'>non</span> <span class='ocrx_word' id='word_1_212' title='bbox 516 4486 753 4565; x_wconf 77' lang='lat' dir='ltr'>video,</span> <span class='ocrx_word' id='word_1_213' title='bbox 812 4507 1007 4572; x_wconf 85' lang='lat' dir='ltr'>quam</span> <span class='ocrx_word' id='word_1_214' title='bbox 1044 4500 1119 4549; x_wconf 85' lang='lat' dir='ltr'>ut</span> <span class='ocrx_word' id='word_1_215' title='bbox 1167 4488 1547 4573; x_wconf 84' lang='lat' dir='ltr'>opinemur,</span> <span class='ocrx_word' id='word_1_216' title='bbox 1609 4503 1825 4554; x_wconf 83' lang='lat' dir='ltr'>reten-</span> 
     </span>
    </p>
   </div>
   <div class='ocr_carea' id='block_1_8' title="bbox 406 4717 1001 4806">
    <p class='ocr_par' dir='ltr' id='par_1_8' title="bbox 406 4717 1001 4806">
     <span class='ocr_line' id='line_1_40' title="bbox 406 4717 1001 4806; baseline -0.008 -23"><span class='ocrx_word' id='word_1_217' title='bbox 406 4729 472 4798; x_wconf 74' lang='grc' dir='ltr'>ι)</span> <span class='ocrx_word' id='word_1_218' title='bbox 514 4717 817 4806; x_wconf 75' lang='lat' dir='ltr'>Lamprid‘.</span> <span class='ocrx_word' id='word_1_219' title='bbox 858 4741 909 4780; x_wconf 92' lang='lat' dir='ltr'>c.</span> <span class='ocrx_word' id='word_1_220' title='bbox 951 4733 1001 4784; x_wconf 79' lang='grc' dir='ltr'><em>ι.</em></span> 
     </span>
    </p>
   </div>
   <div class='ocr_carea' id='block_1_9' title="bbox 3279 454 3435 551">
    <p class='ocr_par' dir='ltr' id='par_1_9' title="bbox 3279 454 3435 551">
     <span class='ocr_line' id='line_1_41' title="bbox 3279 454 3435 551; baseline 0.006 -15"><span class='ocrx_word' id='word_1_221' title='bbox 3279 454 3435 551; x_wconf 68' lang='lat'>269</span> 
     </span>
    </p>
   </div>
   <div class='ocr_carea' id='block_1_10' title="bbox 1941 633 3440 922">
    <p class='ocr_par' dir='ltr' id='par_1_10' title="bbox 1941 633 3440 922">
     <span class='ocr_line' id='line_1_42' title="bbox 1944 633 3440 722; baseline 0.003 -23"><span class='ocrx_word' id='word_1_222' title='bbox 1944 647 2084 699; x_wconf 80' lang='lat' dir='ltr'>tum</span> <span class='ocrx_word' id='word_1_223' title='bbox 2123 633 2338 700; x_wconf 70' lang='lat' dir='ltr'>adhue</span> <span class='ocrx_word' id='word_1_224' title='bbox 2369 656 2405 699; x_wconf 76' lang='lat' dir='ltr'>a</span> <span class='ocrx_word' id='word_1_225' title='bbox 2432 633 2813 698; x_wconf 75' lang='lat' dir='ltr'>monetariis</span> <span class='ocrx_word' id='word_1_226' title='bbox 2843 647 3186 722; x_wconf 78' lang='lat' dir='ltr'>receptum</span> <span class='ocrx_word' id='word_1_227' title='bbox 3214 636 3440 704; x_wconf 75' lang='lat' dir='ltr'>hacte-</span> 
     </span>
     <span class='ocr_line' id='line_1_43' title="bbox 1941 734 3439 823; baseline 0.003 -26"><span class='ocrx_word' id='word_1_228' title='bbox 1941 748 2066 798; x_wconf 69' lang='lat' dir='ltr'>nus·</span> <span class='ocrx_word' id='word_1_229' title='bbox 2097 756 2354 799; x_wconf 89' lang='lat' dir='ltr'>morem</span> <span class='ocrx_word' id='word_1_230' title='bbox 2377 778 2395 810; x_wconf 91' lang='lat'>,</span> <span class='ocrx_word' id='word_1_231' title='bbox 2441 734 2652 799; x_wconf 79' lang='lat' dir='ltr'>donec</span> <span class='ocrx_word' id='word_1_232' title='bbox 2681 736 2963 819; x_wconf 85' lang='lat' dir='ltr'>ejectum</span> <span class='ocrx_word' id='word_1_233' title='bbox 2985 780 3004 813; x_wconf 93' lang='lat'>‚</span> <span class='ocrx_word' id='word_1_234' title='bbox 3047 739 3226 822; x_wconf 82' lang='lat' dir='ltr'>quod</span> <span class='ocrx_word' id='word_1_235' title='bbox 3256 741 3439 823; x_wconf 86' lang='lat' dir='ltr'>panl-</span> 
     </span>
     <span class='ocr_line' id='line_1_44' title="bbox 1943 834 3434 922; baseline 0.004 -24"><span class='ocrx_word' id='word_1_236' title='bbox 1943 834 2013 899; x_wconf 89' lang='lat' dir='ltr'>lo</span> <span class='ocrx_word' id='word_1_237' title='bbox 2063 849 2218 920; x_wconf 83' lang='lat' dir='ltr'>post</span> <span class='ocrx_word' id='word_1_238' title='bbox 2280 836 2595 920; x_wconf 73' lang='lat' dir='ltr'>contigit,</span> <span class='ocrx_word' id='word_1_239' title='bbox 2658 857 2738 899; x_wconf 81' lang='lat' dir='ltr'>ex</span> <span class='ocrx_word' id='word_1_240' title='bbox 2790 838 2954 901; x_wconf 87' lang='lat' dir='ltr'>urbe</span> <span class='ocrx_word' id='word_1_241' title='bbox 3010 842 3434 922; x_wconf 74' lang='lat' dir='ltr'>peregrinum</span> 
     </span>
    </p>
   </div>
   <div class='ocr_carea' id='block_1_11' title="bbox 1941 933 3568 1023">
    <p class='ocr_par' dir='ltr' id='par_1_11' title="bbox 1941 933 3568 1023">
     <span class='ocr_line' id='line_1_45' title="bbox 1941 933 3568 1023; baseline 0.004 -25"><span class='ocrx_word' id='word_1_242' title='bbox 1941 933 2120 998; x_wconf 75' lang='lat' dir='ltr'>istud</span> <span class='ocrx_word' id='word_1_243' title='bbox 2164 958 2529 1008; x_wconf 63' lang='lat' dir='ltr'>numenex</span> <span class='ocrx_word' id='word_1_244' title='bbox 2567 954 2828 1001; x_wconf 81' lang='lat' dir='ltr'>moneta</span> <span class='ocrx_word' id='word_1_245' title='bbox 2859 960 3122 1023; x_wconf 80' lang='lat' dir='ltr'>quoque</span> <span class='ocrx_word' id='word_1_246' title='bbox 3165 943 3438 1005; x_wconf 76' lang='lat' dir='ltr'>exulare</span> <span class='ocrx_word' id='word_1_247' title='bbox 3561 946 3568 951; x_wconf 76' lang='grc'><strong><em>’</em></strong></span> 
     </span>
    </p>
   </div>
   <div class='ocr_carea' id='block_1_12' title="bbox 1937 1037 3441 2425">
    <p class='ocr_par' dir='ltr' id='par_1_12' title="bbox 1937 1037 3441 2425">
     <span class='ocr_line' id='line_1_46' title="bbox 1941 1037 3441 1125; baseline 0.006 -27"><span class='ocrx_word' id='word_1_248' title='bbox 1941 1048 2046 1100; x_wconf 85' lang='lat' dir='ltr'>est</span> <span class='ocrx_word' id='word_1_249' title='bbox 2103 1037 2377 1120; x_wconf 84' lang='lat' dir='ltr'>jus‘sum.</span> <span class='ocrx_word' id='word_1_250' title='bbox 2450 1042 2666 1125; x_wconf 87' lang='lat' dir='ltr'>Atque</span> <span class='ocrx_word' id='word_1_251' title='bbox 2712 1041 2781 1102; x_wconf 83' lang='lat' dir='ltr'>id</span> <span class='ocrx_word' id='word_1_252' title='bbox 2828 1041 3254 1105; x_wconf 85' lang='lat' dir='ltr'>confirmatur</span> <span class='ocrx_word' id='word_1_253' title='bbox 3303 1065 3441 1106; x_wconf 85' lang='lat' dir='ltr'>non</span> 
     </span>
     <span class='ocr_line' id='line_1_47' title="bbox 1940 1138 3440 1227; baseline 0.003 -27"><span class='ocrx_word' id='word_1_254' title='bbox 1940 1138 2140 1201; x_wconf 80' lang='lat' dir='ltr'>modo</span> <span class='ocrx_word' id='word_1_255' title='bbox 2178 1160 2300 1215; x_wconf 84' lang='lat' dir='ltr'>eo,</span> <span class='ocrx_word' id='word_1_256' title='bbox 2351 1143 2530 1227; x_wconf 76' lang='lat' dir='ltr'>qixod</span> <span class='ocrx_word' id='word_1_257' title='bbox 2563 1144 2771 1204; x_wconf 85' lang='lat' dir='ltr'>multo</span> <span class='ocrx_word' id='word_1_258' title='bbox 2807 1144 3033 1224; x_wconf 81' lang='lat' dir='ltr'>plures</span> <span class='ocrx_word' id='word_1_259' title='bbox 3069 1144 3263 1225; x_wconf 85' lang='lat' dir='ltr'>hujus</span> <span class='ocrx_word' id='word_1_260' title='bbox 3286 1143 3440 1206; x_wconf 86' lang='lat' dir='ltr'>anni</span> 
     </span>
     <span class='ocr_line' id='line_1_48' title="bbox 1938 1234 3435 1328; baseline 0.002 -25"><span class='ocrx_word' id='word_1_261' title='bbox 1938 1242 2124 1303; x_wconf 83' lang='lat' dir='ltr'>numi</span> <span class='ocrx_word' id='word_1_262' title='bbox 2188 1239 2366 1305; x_wconf 84' lang='lat' dir='ltr'>dicto</span> <span class='ocrx_word' id='word_1_263' title='bbox 2421 1258 2600 1305; x_wconf 86' lang='lat' dir='ltr'>astro</span> <span class='ocrx_word' id='word_1_264' title='bbox 2664 1242 3027 1319; x_wconf 78' lang='lat' dir='ltr'>abstinent,</span> <span class='ocrx_word' id='word_1_265' title='bbox 3081 1234 3435 1328; x_wconf 44' lang='lat' dir='ltr'>*nunquam</span> 
     </span>
     <span class='ocr_line' id='line_1_49' title="bbox 1943 1340 3438 1426; baseline 0.003 -25"><span class='ocrx_word' id='word_1_266' title='bbox 1943 1340 2257 1425; x_wconf 78' lang='lat' dir='ltr'>deinceps</span> <span class='ocrx_word' id='word_1_267' title='bbox 2305 1364 2428 1426; x_wconf 88' lang='lat' dir='ltr'>per</span> <span class='ocrx_word' id='word_1_268' title='bbox 2475 1342 2886 1426; x_wconf 83' lang='lat' dir='ltr'>reliquorum</span> <span class='ocrx_word' id='word_1_269' title='bbox 2937 1366 3256 1407; x_wconf 86' lang='lat' dir='ltr'>annorum</span> <span class='ocrx_word' id='word_1_270' title='bbox 3297 1366 3438 1406; x_wconf 89' lang='lat' dir='ltr'>mo-</span> 
     </span>
     <span class='ocr_line' id='line_1_50' title="bbox 1939 1430 3439 1531; baseline 0.005 -28"><span class='ocrx_word' id='word_1_271' title='bbox 1939 1456 2158 1505; x_wconf 88' lang='lat' dir='ltr'>netam</span> <span class='ocrx_word' id='word_1_272' title='bbox 2220 1444 2702 1528; x_wconf 85' lang='lat' dir='ltr'>comparituro,</span> <span class='ocrx_word' id='word_1_273' title='bbox 2745 1464 2975 1506; x_wconf 77' lang='lat' dir='ltr'>verum</span> <span class='ocrx_word' id='word_1_274' title='bbox 3025 1448 3222 1510; x_wconf 88' lang='lat' dir='ltr'>etiam</span> <span class='ocrx_word' id='word_1_275' title='bbox 3256 1430 3439 1531; x_wconf 68' lang='lat' dir='ltr'>quotl</span> 
     </span>
     <span class='ocr_line' id='line_1_51' title="bbox 1939 1544 3437 1630; baseline 0.003 -25"><span class='ocrx_word' id='word_1_276' title='bbox 1939 1544 2338 1608; x_wconf 88' lang='lat' dir='ltr'>lineamenta</span> <span class='ocrx_word' id='word_1_277' title='bbox 2377 1547 2511 1608; x_wconf 89' lang='lat' dir='ltr'>oris</span> <span class='ocrx_word' id='word_1_278' title='bbox 2546 1566 2861 1630; x_wconf 76' lang='lat' dir='ltr'>perquam</span> <span class='ocrx_word' id='word_1_279' title='bbox 2893 1545 3204 1626; x_wconf 75' lang='lat' dir='ltr'>juvenilia</span> <span class='ocrx_word' id='word_1_280' title='bbox 3239 1548 3306 1610; x_wconf 91' lang='lat' dir='ltr'>in</span> <span class='ocrx_word' id='word_1_281' title='bbox 3333 1546 3437 1610; x_wconf 75' lang='lat' dir='ltr'>hia</span> 
     </span>
     <span class='ocr_line' id='line_1_52' title="bbox 1937 1644 3438 1731; baseline 0.001 -23"><span class='ocrx_word' id='word_1_282' title='bbox 1937 1662 2316 1729; x_wconf 74' lang='lat' dir='ltr'>appareant.</span> <span class='ocrx_word' id='word_1_283' title='bbox 2371 1648 2673 1731; x_wconf 84' lang='lat' dir='ltr'>Cumque</span> <span class='ocrx_word' id='word_1_284' title='bbox 2715 1644 2947 1707; x_wconf 82' lang='lat' dir='ltr'>eadem</span> <span class='ocrx_word' id='word_1_285' title='bbox 2996 1663 3173 1710; x_wconf 80' lang='lat' dir='ltr'>aetas</span> <span class='ocrx_word' id='word_1_286' title='bbox 3212 1649 3438 1713; x_wconf 81' lang='lat' dir='ltr'>obser·</span> 
     </span>
     <span class='ocr_line' id='line_1_53' title="bbox 1942 1748 3440 1812; baseline 0.002 -3"><span class='ocrx_word' id='word_1_287' title='bbox 1942 1760 2135 1810; x_wconf 82' lang='lat' dir='ltr'>vetur</span> <span class='ocrx_word' id='word_1_288' title='bbox 2172 1748 2368 1810; x_wconf 88' lang='lat' dir='ltr'>etiam</span> <span class='ocrx_word' id='word_1_289' title='bbox 2404 1749 2470 1809; x_wconf 92' lang='lat' dir='ltr'>in</span> <span class='ocrx_word' id='word_1_290' title='bbox 2504 1748 2652 1812; x_wconf 89' lang='lat' dir='ltr'>aliis</span> <span class='ocrx_word' id='word_1_291' title='bbox 2684 1750 2900 1809; x_wconf 86' lang='lat' dir='ltr'>numis</span> <span class='ocrx_word' id='word_1_292' title='bbox 2934 1749 3255 1811; x_wconf 76' lang='lat' dir='ltr'>astriferis</span> <span class='ocrx_word' id='word_1_293' title='bbox 3294 1751 3440 1812; x_wconf 87' lang='lat' dir='ltr'>nul·</span> 
     </span>
     <span class='ocr_line' id='line_1_54' title="bbox 1938 1834 3437 1934; baseline 0.004 -25"><span class='ocrx_word' id='word_1_294' title='bbox 1938 1847 2009 1909; x_wconf 92' lang='lat' dir='ltr'>lo</span> <span class='ocrx_word' id='word_1_295' title='bbox 2041 1862 2045 1866; x_wconf 82' lang='grc'><strong><em>’</em></strong></span> <span class='ocrx_word' id='word_1_296' title='bbox 2080 1847 2463 1912; x_wconf 86' lang='lat' dir='ltr'>charactere</span> <span class='ocrx_word' id='word_1_297' title='bbox 2541 1847 3021 1933; x_wconf 68' lang='lat' dir='ltr'>duronologico</span> <span class='ocrx_word' id='word_1_298' title='bbox 3086 1834 3437 1934; x_wconf 80' lang='lat' dir='ltr'>praeditis,</span> 
     </span>
     <span class='ocr_line' id='line_1_55' title="bbox 1939 1950 3435 2040; baseline 0.003 -30"><span class='ocrx_word' id='word_1_299' title='bbox 1939 1963 2046 2011; x_wconf 80' lang='lat' dir='ltr'>ut:</span> <span class='ocrx_word' id='word_1_300' title='bbox 2090 1950 2560 2040; x_wconf 80' lang='lat' dir='ltr'><strong>AEQVI&#39;I&#39;AS.</strong></span> <span class='ocrx_word' id='word_1_301' title='bbox 2604 1950 2806 2014; x_wconf 82' lang='lat' dir='ltr'><strong>AVG.</strong></span> <span class='ocrx_word' id='word_1_302' title='bbox 2850 1986 2938 1997; x_wconf 90' lang='lat'>—-</span> <span class='ocrx_word' id='word_1_303' title='bbox 2970 1952 3435 2016; x_wconf 81' lang='lat' dir='ltr'><strong>LIBERTAS.</strong></span> 
     </span>
     <span class='ocr_line' id='line_1_56' title="bbox 1941 2048 3437 2121; baseline 0.004 -11"><span class='ocrx_word' id='word_1_304' title='bbox 1941 2048 2143 2115; x_wconf 89' lang='lat' dir='ltr'><strong>AVG.</strong></span> <span class='ocrx_word' id='word_1_305' title='bbox 2192 2085 2278 2099; x_wconf 92' lang='lat'>-—</span> <span class='ocrx_word' id='word_1_306' title='bbox 2336 2052 2631 2116; x_wconf 82' lang='lat' dir='ltr'><strong>SALVS.</strong></span> <span class='ocrx_word' id='word_1_307' title='bbox 2685 2052 3080 2117; x_wconf 82' lang='lat' dir='ltr'>PVBLICA.</span> <span class='ocrx_word' id='word_1_308' title='bbox 3134 2085 3218 2101; x_wconf 84' lang='lat'>--</span> <span class='ocrx_word' id='word_1_309' title='bbox 3259 2054 3437 2121; x_wconf 80' lang='lat' dir='ltr'>VIC-</span> 
     </span>
     <span class='ocr_line' id='line_1_57' title="bbox 1942 2148 3433 2229; baseline 0.002 -18"><span class='ocrx_word' id='word_1_310' title='bbox 1942 2148 2240 2213; x_wconf 78' lang='lat' dir='ltr'><strong>TORIA.</strong></span> <span class='ocrx_word' id='word_1_311' title='bbox 2299 2150 2538 2228; x_wconf 53' lang='grc' dir='ltr'>ΔΥΕ,</span> <span class='ocrx_word' id='word_1_312' title='bbox 2611 2152 2880 2214; x_wconf 82' lang='lat' dir='ltr'>dubium</span> <span class='ocrx_word' id='word_1_313' title='bbox 2937 2174 3068 2214; x_wconf 87' lang='lat' dir='ltr'>non</span> <span class='ocrx_word' id='word_1_314' title='bbox 3113 2167 3253 2229; x_wconf 85' lang='lat' dir='ltr'>est,</span> <span class='ocrx_word' id='word_1_315' title='bbox 3316 2171 3433 2214; x_wconf 72' lang='lat' dir='ltr'>eos</span> 
     </span>
     <span class='ocr_line' id='line_1_58' title="bbox 1938 2250 3433 2339; baseline 0.001 -27"><span class='ocrx_word' id='word_1_316' title='bbox 1938 2250 2044 2313; x_wconf 82' lang='lat' dir='ltr'>his</span> <span class='ocrx_word' id='word_1_317' title='bbox 2106 2274 2369 2339; x_wconf 83' lang='lat' dir='ltr'>quoque</span> <span class='ocrx_word' id='word_1_318' title='bbox 2416 2253 2759 2338; x_wconf 71' lang='lat' dir='ltr'>principiis</span> <span class='ocrx_word' id='word_1_319' title='bbox 2821 2253 3180 2320; x_wconf 75' lang='lat' dir='ltr'>Alexandri</span> <span class='ocrx_word' id='word_1_320' title='bbox 3230 2253 3433 2338; x_wconf 82' lang='lat' dir='ltr'>appli-</span> 
     </span>
     <span class='ocr_line' id='line_1_59' title="bbox 1942 2352 2295 2425; baseline 0.017 -10"><span class='ocrx_word' id='word_1_321' title='bbox 1942 2352 2208 2425; x_wconf 73' lang='lat' dir='ltr'>candos.</span> <span class='ocrx_word' id='word_1_322' title='bbox 2290 2414 2295 2421; x_wconf 89' lang='lat'><strong>.</strong></span> 
     </span>
    </p>
   </div>
   <div class='ocr_carea' id='block_1_13' title="bbox 1937 2557 3436 3248">
    <p class='ocr_par' dir='ltr' id='par_1_13' title="bbox 1940 2557 3435 2825">
     <span class='ocr_line' id='line_1_60' title="bbox 1940 2557 3435 2624; baseline 0 -4"><span class='ocrx_word' id='word_1_323' title='bbox 1940 2560 2019 2620; x_wconf 86' lang='lat' dir='ltr'>A.</span> <span class='ocrx_word' id='word_1_324' title='bbox 2220 2558 2399 2618; x_wconf 78' lang='lat' dir='ltr'>fflP.</span> <span class='ocrx_word' id='word_1_325' title='bbox 2459 2559 2531 2617; x_wconf 88' lang='lat' dir='ltr'>C.</span> <span class='ocrx_word' id='word_1_326' title='bbox 2597 2560 2689 2618; x_wconf 77' lang='lat' dir='ltr'>M.</span> <span class='ocrx_word' id='word_1_327' title='bbox 2734 2559 2934 2623; x_wconf 76' lang='lat' dir='ltr'>AVB.</span> <span class='ocrx_word' id='word_1_328' title='bbox 2997 2558 3185 2624; x_wconf 83' lang='lat' dir='ltr'><strong>SEV.</strong></span> <span class='ocrx_word' id='word_1_329' title='bbox 3229 2557 3435 2620; x_wconf 78' lang='lat' dir='ltr'>ALE-</span> 
     </span>
     <span class='ocr_line' id='line_1_61' title="bbox 2223 2656 3435 2737; baseline 0.004 -17"><span class='ocrx_word' id='word_1_330' title='bbox 2223 2658 2489 2720; x_wconf 75' lang='lat' dir='ltr'><strong>XAND.</strong></span> <span class='ocrx_word' id='word_1_331' title='bbox 2532 2656 2737 2723; x_wconf 83' lang='lat' dir='ltr'><strong>AVG.</strong></span> <span class='ocrx_word' id='word_1_332' title='bbox 2826 2660 3028 2737; x_wconf 76' lang='lat' dir='ltr'>Capu!</span> <span class='ocrx_word' id='word_1_333' title='bbox 3074 2662 3435 2725; x_wconf 68' lang='lat' dir='ltr'>laureolum</span> 
     </span>
     <span class='ocr_line' id='line_1_62' title="bbox 2221 2762 2745 2825; baseline 0.01 -5"><span class='ocrx_word' id='word_1_334' title='bbox 2221 2762 2296 2820; x_wconf 73' lang='lat' dir='ltr'>in</span> <span class='ocrx_word' id='word_1_335' title='bbox 2329 2765 2472 2823; x_wconf 81' lang='lat' dir='ltr'>AV.</span> <span class='ocrx_word' id='word_1_336' title='bbox 2508 2770 2573 2821; x_wconf 79' lang='lat' dir='ltr'>ee</span> <span class='ocrx_word' id='word_1_337' title='bbox 2604 2763 2745 2825; x_wconf 78' lang='lat' dir='ltr'>AR.</span> 
     </span>
    </p>

    <p class='ocr_par' dir='ltr' id='par_1_14' title="bbox 1937 2859 3427 3043">
     <span class='ocr_line' id='line_1_63' title="bbox 1937 2859 3427 2941; baseline 0.005 -21"><span class='ocrx_word' id='word_1_338' title='bbox 1937 2861 2016 2921; x_wconf 84' lang='lat' dir='ltr'>B.</span> <span class='ocrx_word' id='word_1_339' title='bbox 2220 2862 2399 2922; x_wconf 83' lang='grc' dir='ltr'><em>ῙΜΡ.</em></span> <span class='ocrx_word' id='word_1_340' title='bbox 2463 2860 2656 2941; x_wconf 85' lang='lat' dir='ltr'><strong>SEV.</strong></span> <span class='ocrx_word' id='word_1_341' title='bbox 2717 2859 3159 2925; x_wconf 79' lang='lat' dir='ltr'><strong>ALEXAND.</strong></span> <span class='ocrx_word' id='word_1_342' title='bbox 3221 2862 3427 2930; x_wconf 79' lang='lat' dir='ltr'><strong>AVG.</strong></span> 
     </span>
     <span class='ocr_line' id='line_1_64' title="bbox 2227 2964 3369 3043; baseline 0.001 -16"><span class='ocrx_word' id='word_1_343' title='bbox 2227 2967 2432 3043; x_wconf 75' lang='lat' dir='ltr'>Caput</span> <span class='ocrx_word' id='word_1_344' title='bbox 2464 2966 2824 3030; x_wconf 78' lang='lat' dir='ltr'>laureatum</span> <span class='ocrx_word' id='word_1_345' title='bbox 2858 2964 2928 3025; x_wconf 68' lang='lat' dir='ltr'>in</span> <span class='ocrx_word' id='word_1_346' title='bbox 2960 2967 3104 3027; x_wconf 81' lang='lat' dir='ltr'>AV.</span> <span class='ocrx_word' id='word_1_347' title='bbox 3138 2975 3204 3027; x_wconf 83' lang='lat' dir='ltr'>et</span> <span class='ocrx_word' id='word_1_348' title='bbox 3231 2967 3369 3028; x_wconf 76' lang='lat' dir='ltr'>AB.</span> 
     </span>
    </p>

    <p class='ocr_par' dir='ltr' id='par_1_15' title="bbox 1941 3066 3436 3248">
     <span class='ocr_line' id='line_1_65' title="bbox 1941 3066 3435 3133; baseline -0.001 -2"><span class='ocrx_word' id='word_1_349' title='bbox 1941 3068 2015 3131; x_wconf 87' lang='lat' dir='ltr'>C.</span> <span class='ocrx_word' id='word_1_350' title='bbox 2218 3067 2394 3131; x_wconf 61' lang='lat' dir='ltr'>ml).</span> <span class='ocrx_word' id='word_1_351' title='bbox 2416 3068 2657 3130; x_wconf 78' lang='lat' dir='ltr'><strong>CAES.</strong></span> <span class='ocrx_word' id='word_1_352' title='bbox 2683 3069 2773 3128; x_wconf 76' lang='lat' dir='ltr'>M.</span> <span class='ocrx_word' id='word_1_353' title='bbox 2801 3066 3002 3132; x_wconf 78' lang='lat' dir='ltr'>AVB.</span> <span class='ocrx_word' id='word_1_354' title='bbox 3025 3067 3211 3133; x_wconf 88' lang='lat' dir='ltr'><strong>SEV.</strong></span> <span class='ocrx_word' id='word_1_355' title='bbox 3233 3067 3435 3129; x_wconf 86' lang='lat' dir='ltr'><strong>ALE-</strong></span> 
     </span>
     <span class='ocr_line' id='line_1_66' title="bbox 2212 3166 3436 3248; baseline -0.001 -16"><span class='ocrx_word' id='word_1_356' title='bbox 2212 3170 2599 3234; x_wconf 72' lang='lat' dir='ltr'><strong>XANDER.</strong></span> <span class='ocrx_word' id='word_1_357' title='bbox 2629 3166 2830 3236; x_wconf 83' lang='lat' dir='ltr'><strong>AVG.</strong></span> <span class='ocrx_word' id='word_1_358' title='bbox 2852 3168 3052 3248; x_wconf 68' lang='lat' dir='ltr'>Capit!</span> <span class='ocrx_word' id='word_1_359' title='bbox 3073 3171 3436 3232; x_wconf 76' lang='lat' dir='ltr'>ldureatum</span> 
     </span>
    </p>
   </div>
   <div class='ocr_carea' id='block_1_14' title="bbox 1937 3274 3433 3436">
    <p class='ocr_par' dir='ltr' id='par_1_16' title="bbox 1937 3274 3433 3436">
     <span class='ocr_line' id='line_1_67' title="bbox 1937 3274 3433 3436; baseline 0.002 -7"><span class='ocrx_word' id='word_1_360' title='bbox 1937 3369 2021 3431; x_wconf 91' lang='lat' dir='ltr'>D.</span> <span class='ocrx_word' id='word_1_361' title='bbox 2221 3274 2697 3432; x_wconf 47' lang='lat' dir='ltr'>lssIgECAES.</span> <span class='ocrx_word' id='word_1_362' title='bbox 2748 3373 2840 3432; x_wconf 76' lang='lat' dir='ltr'>M.</span> <span class='ocrx_word' id='word_1_363' title='bbox 2880 3368 3198 3433; x_wconf 84' lang='lat' dir='ltr'><strong>AVREL.</strong></span> <span class='ocrx_word' id='word_1_364' title='bbox 3244 3370 3433 3436; x_wconf 86' lang='lat' dir='ltr'><strong>SEV.</strong></span> 
     </span>
    </p>
   </div>
   <div class='ocr_carea' id='block_1_15' title="bbox 1934 3469 3435 4556">
    <p class='ocr_par' dir='ltr' id='par_1_17' title="bbox 1934 3469 3435 4577">
     <span class='ocr_line' id='line_1_68' title="bbox 2223 3469 3434 3548; baseline -0.002 -14"><span class='ocrx_word' id='word_1_365' title='bbox 2223 3472 2788 3537; x_wconf 73' lang='lat' dir='ltr'><strong>ALEXANDER.</strong></span> <span class='ocrx_word' id='word_1_366' title='bbox 2863 3469 3081 3548; x_wconf 77' lang='lat' dir='ltr'><strong>PIVS.</strong></span> <span class='ocrx_word' id='word_1_367' title='bbox 3142 3470 3434 3532; x_wconf 81' lang='lat' dir='ltr'><strong>FELIX.</strong></span> 
     </span>
     <span class='ocr_line' id='line_1_69' title="bbox 2221 3571 3435 3650; baseline -0.002 -15"><span class='ocrx_word' id='word_1_368' title='bbox 2221 3574 2425 3640; x_wconf 78' lang='lat' dir='ltr'><strong>AvG.</strong></span> <span class='ocrx_word' id='word_1_369' title='bbox 2468 3576 2541 3638; x_wconf 69' lang='lat' dir='ltr'>ia</span> <span class='ocrx_word' id='word_1_370' title='bbox 2590 3575 2740 3636; x_wconf 67' lang='grc' dir='ltr'><em>ΑΕ.</em></span> <span class='ocrx_word' id='word_1_371' title='bbox 2784 3592 2961 3633; x_wconf 68' lang='lat' dir='ltr'>max.</span> <span class='ocrx_word' id='word_1_372' title='bbox 3013 3574 3182 3633; x_wconf 82' lang='lat' dir='ltr'>mod.</span> <span class='ocrx_word' id='word_1_373' title='bbox 3228 3571 3435 3650; x_wconf 67' lang='lat' dir='ltr'>(Vide</span> 
     </span>
     <span class='ocr_line' id='line_1_70' title="bbox 2220 3657 3431 3740; baseline -0.002 -3"><span class='ocrx_word' id='word_1_374' title='bbox 2220 3672 2397 3738; x_wconf 79' lang='lat' dir='ltr'>infra</span> <span class='ocrx_word' id='word_1_375' title='bbox 2468 3672 2534 3736; x_wconf 89' lang='lat' dir='ltr'>in</span> <span class='ocrx_word' id='word_1_376' title='bbox 2610 3657 2983 3740; x_wconf 81' lang='lat' dir='ltr'>nominibus</span> <span class='ocrx_word' id='word_1_377' title='bbox 3066 3671 3187 3734; x_wconf 81' lang='lat' dir='ltr'>sub</span> <span class='ocrx_word' id='word_1_378' title='bbox 3273 3676 3431 3735; x_wconf 76' lang='lat' dir='ltr'>Pius</span> 
     </span>
     <span class='ocr_line' id='line_1_71' title="bbox 2224 3776 2469 3857; baseline 0.016 -20"><span class='ocrx_word' id='word_1_379' title='bbox 2224 3776 2469 3857; x_wconf 65' lang='lat' dir='ltr'>Felix.)</span> 
     </span>
     <span class='ocr_line' id='line_1_72' title="bbox 2503 3876 2871 3959; baseline -0.003 0"><span class='ocrx_word' id='word_1_380' title='bbox 2503 3919 2544 3959; x_wconf 74' lang='lat' dir='ltr'>o</span> <span class='ocrx_word' id='word_1_381' title='bbox 2668 3876 2708 3915; x_wconf 68' lang='lat'>⁸</span> <span class='ocrx_word' id='word_1_382' title='bbox 2830 3918 2871 3958; x_wconf 74' lang='lat' dir='ltr'>o</span> 
     </span>
     <span class='ocr_line' id='line_1_73' title="bbox 2227 3979 2570 4040; baseline 0 -2"><span class='ocrx_word' id='word_1_383' title='bbox 2227 3981 2318 4039; x_wconf 70' lang='lat' dir='ltr'>rt</span> <span class='ocrx_word' id='word_1_384' title='bbox 2356 3979 2454 4039; x_wconf 75' lang='lat' dir='ltr'>lit.</span> <span class='ocrx_word' id='word_1_385' title='bbox 2486 3981 2570 4040; x_wconf 78' lang='lat' dir='ltr'>A.</span> 
     </span>
     <span class='ocr_line' id='line_1_74' title="bbox 1937 4075 3434 4146; baseline 0.001 -3"><span class='ocrx_word' id='word_1_386' title='bbox 1937 4079 2547 4143; x_wconf 73' lang='lat' dir='ltr'>LmEnALITAs.</span> <span class='ocrx_word' id='word_1_387' title='bbox 2594 4075 3000 4146; x_wconf 71' lang='lat' dir='ltr'><strong>AVGVSTL</strong></span> <span class='ocrx_word' id='word_1_388' title='bbox 3041 4080 3434 4145; x_wconf 65' lang='lat' dir='ltr'>liberalitas</span> 
     </span>
     <span class='ocr_line' id='line_1_75' title="bbox 1948 4179 3432 4262; baseline 0.002 -17"><span class='ocrx_word' id='word_1_389' title='bbox 1948 4193 2150 4247; x_wconf 75' lang='lat' dir='ltr'>etam.</span> <span class='ocrx_word' id='word_1_390' title='bbox 2194 4183 2338 4250; x_wconf 87' lang='lat' dir='ltr'>AV.</span> <span class='ocrx_word' id='word_1_391' title='bbox 2382 4183 2581 4262; x_wconf 71' lang='lat' dir='ltr'>(Mus.</span> <span class='ocrx_word' id='word_1_392' title='bbox 2614 4179 2832 4261; x_wconf 76' lang='lat' dir='ltr'>Caes.)</span> <span class='ocrx_word' id='word_1_393' title='bbox 2877 4182 2958 4243; x_wconf 72' lang='lat' dir='ltr'>Iu</span> <span class='ocrx_word' id='word_1_394' title='bbox 2983 4181 3183 4244; x_wconf 67' lang='lat' dir='ltr'>aliis.-</span> <span class='ocrx_word' id='word_1_395' title='bbox 3225 4182 3432 4251; x_wconf 80' lang='lat' dir='ltr'><strong>AVG.</strong></span> 
     </span>
     <span class='ocr_line' id='line_1_76' title="bbox 1934 4285 2596 4364; baseline -0.005 -14"><span class='ocrx_word' id='word_1_396' title='bbox 1934 4286 2093 4350; x_wconf 80' lang='lat' dir='ltr'>AR..</span> <span class='ocrx_word' id='word_1_397' title='bbox 2148 4288 2344 4364; x_wconf 75' lang='lat' dir='ltr'>(Mus.</span> <span class='ocrx_word' id='word_1_398' title='bbox 2383 4285 2596 4362; x_wconf 75' lang='lat' dir='ltr'>Caes.)</span> 
     </span>
     <span class='ocr_line' id='line_1_77' title="bbox 2229 4385 2780 4450; baseline -0.011 0"><span class='ocrx_word' id='word_1_399' title='bbox 2229 4390 2317 4450; x_wconf 82' lang='lat' dir='ltr'>Vt</span> <span class='ocrx_word' id='word_1_400' title='bbox 2356 4389 2458 4450; x_wconf 71' lang='lat' dir='ltr'>lit.</span> <span class='ocrx_word' id='word_1_401' title='bbox 2492 4389 2556 4448; x_wconf 77' lang='lat' dir='ltr'>C.</span> <span class='ocrx_word' id='word_1_402' title='bbox 2599 4394 2666 4447; x_wconf 83' lang='lat' dir='ltr'>et</span> <span class='ocrx_word' id='word_1_403' title='bbox 2697 4385 2780 4445; x_wconf 84' lang='lat' dir='ltr'>D.</span> 
     </span>
     <span class='ocr_line' id='line_1_78' title="bbox 1936 4484 3432 4556; baseline -0.001 -5"><span class='ocrx_word' id='word_1_404' title='bbox 1936 4487 2546 4553; x_wconf 79' lang='lat' dir='ltr'><strong>LIBERALITAS.</strong></span> <span class='ocrx_word' id='word_1_405' title='bbox 2597 4484 3006 4556; x_wconf 78' lang='lat' dir='ltr'><strong>AVGVSTI.</strong></span> <span class='ocrx_word' id='word_1_406' title='bbox 3068 4484 3135 4550; x_wconf 80' lang='lat' dir='ltr'>S.</span> <span class='ocrx_word' id='word_1_407' title='bbox 3188 4487 3262 4553; x_wconf 82' lang='lat'>0.</span> <span class='ocrx_word' id='word_1_408' title='bbox 3304 4491 3432 4550; x_wconf 71' lang='lat' dir='ltr'>Im-</span> 
     </span>
    </p>
   </div>
   <div class='ocr_carea' id='block_1_16' title="bbox 1185 4703 2154 4799">
    <p class='ocr_par' dir='ltr' id='par_1_18' title="bbox 1185 4703 2154 4799">
     <span class='ocr_line' id='line_1_79' title="bbox 1185 4703 2154 4799; baseline -0.001 -20"><span class='ocrx_word' id='word_1_409' title='bbox 1185 4720 1256 4795; x_wconf 82' lang='lat' dir='ltr'>b)</span> <span class='ocrx_word' id='word_1_410' title='bbox 1292 4723 1439 4792; x_wconf 70' lang='lat' dir='ltr'>nio,</span> <span class='ocrx_word' id='word_1_411' title='bbox 1478 4722 1813 4794; x_wconf 65' lang='lat' dir='ltr'>nemas-n,</span> <span class='ocrx_word' id='word_1_412' title='bbox 1853 4703 2154 4799; x_wconf 61' lang='lat' dir='ltr'>Lsmprid.</span> 
     </span>
    </p>
   </div>
  </div>
 </body>
</html>
