4652 5937
1204 484 1367 554 ’52ιο

1225 644 1554 730 exemplis
1610 639 1822 706 obviis
1861 633 2107 708 mvn.
2146 597 2307 699 1²10
2351 665 2438 680 —
2478 627 2723 701 Dlvo.

1224 748 1476 818 VERO
1530 778 1620 797 —··
1660 741 1906 811 mVO.
1947 736 2288 803 MAGNO.
2335 725 2467 800 etc,
2555 732 2769 796 Iudi·-

1223 852 1406 918 cium
1438 845 1616 913 istud
1645 846 1701 910 si
1719 866 1850 907 non
1870 844 2064 928 plane
2083 855 2338 906 certum
2360 885 2378 917 ,
2423 856 2723 922 magnam

1224 968 1448 1018 tamen
1481 950 1681 1015 habet
1726 947 1867 1013 veri
1916 943 2241 1028 speciem3
2289 962 2435 1003 nam
2461 984 2478 1018 ,
2523 951 2595 1001 ut
2631 935 2729 999 di-

1188 1044 1485 1134 xxximus,
1526 1048 1861 1120 Pacatiani
1891 1044 2074 1109 numi
2109 1044 2175 1107 in
2224 1055 2456 1107 nostro
2508 1054 2724 1107 tractu

2367 435 3173 520 'SPONSIANVS.
3233 560 3236 563 .

2838 608 2997 711 prae
3027 623 3226 687 terris
3258 617 3532 707 reliquis
3551 619 3870 706 frequen
3883 620 4114 683 tius-
4133 624 4508 707 reperiun-

2842 743 2987 805 tur,
3054 747 3284 789 eorum
3351 720 3528 790 vero
3571 723 3817 786 modus
3920 739 4334 809 spectata
4377 739 4497 787 tam

2836 834 3128 912 fabrica,
3190 851 3382 916 quam
3442 832 3784 897 literarum
3905 829 4234 891 forma
4311 845 4499 911 prae·

2840 939 3020 1003 clare
3066 934 3400 1021 conspirat
3455 954 3606 997 cum
3666 933 3926 995 numia
3994 927 4380 1014 Philippi
4421 948 4485 992 ac

2839 1036 3055 1105 Decii.
3200 1036 3208 1047 '
3783 1050 3788 1053 ·

2510 1317 2631 1420 pa
2653 1360 2710 1421 Ε
2736 1359 2850 1419 TI
2864 1359 3020 1421 VM.

1630 1559 1952 1644 Argentei
1989 1568 2138 1620 sunt
2175 1568 2423 1618 tantum
2458 1554 2690 1621 Latine
2726 1552 3062 1640 inscripti,
3107 1566 3176 1618 et
3225 1583 3281 1618 ·.
3370 1595 3387 1613 .

3477 1599 3495 1616 .
3577 1594 3600 1611 .
3688 1517 3900 1615 aaa.

2415 1872 3138 1937 SPONSIANVS.
3217 1958 3220 1959 f

1357 2084 1522 2146 Cum
1542 2078 1890 2143 Pacatiano
1912 2074 2242 2161 conjungo
2280 2075 2480 2139 alium
2516 2097 2725 2162 aeque

1226 2184 1552 2269 ignotum.
1597 2179 1887 2245 Eccum!

1510 2286 1693 2347 ΙΜΡ.
1748 2282 2232 2345 SPONSIANI.
2296 2285 2498 2361 Caput
2539 2284 2729 2343 virile

1402 2446 1413 2451 ,
1515 2387 1791 2446 imberbe
1823 2389 2166 2446 radiatum.

1223 2490 1303 2552 C.
1343 2484 1540 2553 AVG.
1595 2490 1931 2560 Columna,
1976 2488 2084 2546 σαί
2123 2488 2372 2547 insistit
2411 2494 2627 2547 statua
2665 2488 2727 2546 d.

1192 2596 1200 2601 ’
1226 2595 1480 2651 hastam
1516 2590 1733 2651 teneris
1754 2632 1770 2662 ,
1819 2592 1911 2649 ad
1925 2591 2120 2649 imum
2149 2591 2480 2649 columnae
2511 2607 2731 2648 exsur-

1220 2703 1390 2772 9unt
1413 2696 1580 2754 duae
1612 2691 1829 2769 spicae
1838 2711 1870 2763 ,·
1917 2692 2135 2749 adstat
2151 2692 2299 2749 hinc
2334 2691 2432 2748 vir
2471 2698 2726 2767 loqutus

1218 2815 1423 2855 mame
1475 2797 1782 2854 incertum
1833 2793 2003 2872 quid*
2037 2800 2288 2862 tenena,
2336 2792 2486 2849 inde
2520 2812 2728 2869 auqur

1223 2899 1456 2957 lituum
1482 2905 1764 2975 qestans.
1812 2890 1952 2955 AV.

1354 2997 1525 3057 Mira
1559 2995 1626 3054 in
1670 2993 1797 3053 hoc
1841 3012 2040 3054 numo
2078 2991 2313 3052 omnia.
2362 2989 2727 3074 Imperator

1202 3079 1630 3181 ‘Sponsiarius
1687 3091 1866 3154 omni
1903 3111 2065 3156 aevo
2110 3092 2413 3174 ignotus,
2462 3092 2602 3172 ejus
2633 3091 2725 3153 sa-

1220 3199 1408 3262 brica
1449 3193 1930 3269 semibarbara,
1971 3192 2286 3277 pondus»,
2351 3195 2529 3278 quod
2572 3195 2724 3256 soli.

1220 3315 1352 3364 tam
1448 3308 1776 3360 monetam
1868 3316 2128 3358 auream
2231 3296 2721 3378 imperatoriam

1222 3383 1502 3463 multum
1551 3397 1836 3462 excedit.
1903 3400 1986 3460 At
2022 3418 2300 3461 aversae
2345 3418 2476 3458 non
2524 3399 2719 3460 modo

1227 3500 1624 3589 epigraphe,
1671 3498 1788 3560 sed
1832 3512 1900 3560 et
1959 3512 2147 3583 typus
2191 3500 2273 3561 ad
2328 3519 2553 3560 omnes
2591 3500 2723 3582 api·

1197 3625 1333 3668 ,ces
1384 3617 1561 3667 totus
1617 3605 1853 3684 captus*
1889 3614 1991 3661 est
2031 3615 2120 3661 'ex
2171 3600 2457 3662 denariis
2497 3603 2567 3662 C.
2602 3605 2722 3661 Mi-

1220 3705 1401 3769 nucii
1436 3700 1783 3787 Augurini.
1842 3700 2162 3768 Vniversa
2198 3700 2361 3764 haec
2411 3703 2576 3763 ratio
2611 3701 2724 3764 do·

1214 3821 1364 3882 cet,
1428 3824 1662 3867 numos
1714 3802 1835 3864 hos
1886 3799 2168 3863 hominis
2230 3804 2546 3877 Romani,
2609 3806 2719 3887 qui

1223 3905 1573 3993 imperium
1620 3903 2052 3977 adfectasset,
2115 3922 2259 3966 esse
2322 3927 2450 3967 non
2500 3927 2716 3988 posse,

1216 4023 1549 4072 nam.tum
1596 4005 1989 4070 adfectasset
2039 4005 2229 4066 etiam
2284 4010 2605 4092 pecuniae
2639 4012 2716 4069 R.

1220 4110 1524 4186 modum,
1586 4124 1659 4172 ut
1718 4107 1790 4167 in
1850 4106 2139 4186 tyrannis
2196 4110 2499 4171 omnibus
2540 4093 2721 4174 vide-

1215 4233 1401 4288 mus,
1448 4226 1515 4274 et
1560 4224 1781 4274 suetos
1821 4208 1962 4291 ejus
2007 4208 2148 4268 aevi
2187 4221 2411 4294 typos,
2461 4234 2588 4272 non
2622 4213 2716 4272 in-

1219 4310 1301 4375 de
1326 4335 1363 4392 a
1391 4311 1602 4374 tribus
1644 4310 1956 4384 saeculis,
2002 4324 2069 4371 et
2105 4313 2513 4394 temporibus
2549 4312 2713 4395 reip.

1217 4413 1482 4496 petitos.
1554 4412 2240 4508 ‘Animadvertendum
2308 4414 2536 4487 etiam,
2601 4434 2715 4475 eos

1216 4514 1500 4597 reperiri
1532 4513 1601 4573 in
1625 4534 1710 4576 eo
1752 4527 1961 4579 tractu
1986 4563 2003 4592 ,
2051 4538 2172 4600 per
2202 4538 2396 4601 quem
2427 4535 2570 4578 sese
2587 4518 2718 4579 Da·

1282 4725 1347 4796 a)
1391 4719 1528 4784 Vol.
1569 4719 1674 4779 IV.
1713 4741 1787 4798 p„
1825 4736 1940 4787 177.
1989 4741 2112 4798 seq.

2844 2075 2943 2137 cia
2980 2087 3166 2139 vetus
3210 2072 3538 2158 porrexit,
3572 2088 3715 2153 >quo
3765 2067 3874 2145 fit,
3920 2084 4016 2132 ut
4042 2114 4064 2146 ,
4125 2089 4302 2133 cum
4338 2066 4401 2127 in

2841 2176 3087 2239 exteris
3148 2178 3391 2240 museis
3452 2175 3562 2237 vix
3608 2171 4100 2255 reperiantur,
4173 2173 4404 2232 minus

2840 2280 2973 2342 rari
3019 2280 3146 2340 sint
3186 2279 3253 2339 in
3299 2277 3693 2355 Austriacis3
3752 2295 3897 2335 nam
3935 2293 4225 2337 eorum
4262 2269 4390 2330 duo

2839 2382 3150 2464 exempla
3174 2394 3321 2442 sunt
3359 2382 3427 2441 in
3458 2401 3684 2441 museo
3724 2378 4074 2438 Caesareo
4101 2420 4122 2448 ,
4179 2393 4388 2435 unum

2845 2483 2913 2543 in
2953 2504 3178 2546 museo
3234 2483 3390 2561 olim
3446 2482 3526 2543 dc
3574 2481 3828 2542 France
3875 2477 4378 2548 Vindobonae,

2843 2584 2910 2645 in
2949 2606 3177 2647 museo
3225 2585 3705 2657 Canonicorum
3754 2581 4201 2666 regularium
4250 2580 4380 2639 Du·

2839 2685 3192 2770 cumburgi
3233 2682 3956 2757 Austriaeffnferioris,
4026 2703 4257 2745 unum
4305 2678 4367 2738 in

2837 2784 3296 2851 'Ti-ansilvania
3338 2790 3408 2850 in
3452 2807 3679 2850 museo
3730 2806 3875 2850 exc.
3915 2784 4232 2848 Bal-onis
4286 2777 4366 2840 de

2839 2890 3320 2953 Bruckenthal.

2970 2994 3136 3055 Sunt
3169 3013 3331 3074 ergo
3355 3009 3736 3075 praesentes
3768 2991 3949 3056 numi
3983 3014 4073 3054 ex
4116 3007 4349 3053 eorum

2841 3111 3125 3175 genere,
3174 3096 3400 3177 quales
3449 3116 3531 3158 ex
3580 3096 3873 3170 barbaris
3922 3089 4346 3156 incunabulis

2841 3208 3022 3278 ortos
3054 3216 3246 3279 supra
3291 3198 3358 3259 in
3401 3197 3736 3260 Gordiano
3761 3197 3851 3258 ‘et
3891 3198 4214 3280 Philippo
4246 3211 4339 3252 se-

2837 3295 3026 3356 niore
3061 3299 3518 3383 recitavimus,
3565 3298 3628 3358 in
3680 3321 3956 3382 quorum
4005 3295 4338 3382 aliquibus

2838 3411 2940 3459 est
2987 3399 3184 3460 etiam
3238 3394 3433 3482 caput
3481 3398 3808 3480 galeatum
3858 3402 4140 3476 alatum,
4202 3395 4331 3458 vel-

2837 3512 2909 3561 ut
2962 3500 3028 3560 in
3076 3499 3362 3562 denariis
3409 3500 3886 3564 consularibus.
3978 3502 4206 3595 Quare
4251 3517 4330 3558 ex

2838 3600 3009 3663 male
3060 3604 3351 3664 consutis
3392 3602 3493 3663 his
3540 3601 3758 3663 numis
3794 3623 3944 3684 spes
3987 3605 4176 3666 nulla
4218 3598 4321 3664 ad·

2836 3700 3086 3788 fulget,
3149 3725 3345 3789 posse
3391 3704 3638 3788 aliquid
3683 3706 3749 3766 in
3794 3704 4109 3767 historiae
4155 3722 4324 3767 com·

2839 3804 3102 3867 modum
3155 3807 3337 3887 erui,
3386 3805 3701 3892 quidquid
3753 3806 4014 3867 demum
4064 3803 4315 3868 barbari

2832 3926 3100 3969 eoi-unr-
3140 3905 3440 3971 auctores
3503 3910 3714 3992 capite
3782 3909 4068 3984 radiato,
4148 3905 4316 3991 quod

2836 4009 3084 4093 cogniti
3142 4010 3559 4093 imperatoris
3634 4012 4022 4072 lineamenta
4094 4010 4307 4081 refert,

2835 4123 2903 4171 et
2948 4110 3164 4174 addita
3222 4111 3375 4176 huic
3440 4113 3799 4196 epigraphe
3861 4113 4168 4177 volebant
4223 4112 4309 4170 in-

2831 4212 3067 4295 telligi.
3155 4214 3331 4276 Alibi
3376 4214 3658 4277 diximus
3703 4219 3792 4292 ⁸),
3841 4235 4038 4299 quam⁴
4070 4210 4298 4296 copiosi

2830 4315 3011 4375 numi
3059 4317 3253 4392 ¹aurei
3316 4329 3384 4376 et
3442 4318 3741 4398 argentei
3783 4318 4182 4394 Graecorum
4237 4323 4310 4374 et·

2832 4418 3277 4477 Romanorum
3316 4430 3638 4477 monetam
3664 4462 3681 4493 ,
3730 4419 3845 4479 sed
3881 4417 4155 4503 barbare
4175 4414 4292 4475 imi-

2831 4529 3042 4577 tames
3075 4515 3141 4577 in
3174 4530 3399 4599 vetere
3434 4518 3635 4581 Dacia
3668 4519 3811 4582 fere
3848 4516 4139 4605 quotidie
4170 4537 4287 4579 eru-
