4652 5937
258 3833 263 3840 -
322 3792 517 3856 ‘adeo
548 3795 663 3861 Vl.

1484 464 2203 545 -MAXIMINVS
2277 468 2342 546 1.

623 653 693 705 ta
724 648 999 708 adversa
1017 689 1033 720 ‚
1080 649 1436 711 Maximini
1451 650 1827 729 laureatum,

619 747 902 806 Maoeimi
937 751 1195 810 nudum.

339 838 540 909 ΡΓΜ.
578 846 718 907 TR.
749 849 826 910 P.
872 849 1015 910 1111.
1065 848 1257 913 COS.
1299 853 1372 911 P.
1411 853 1491 914 P.
1533 855 1841 916 Maximi·

340 969 463 1011 mn
493 952 844 1021 paludatus
880 954 1049 1014 inter
1079 955 1269 1033 siqua
1310 955 1586 1015 militari
1587 977 1629 1015 a
1659 966 1839 1019 stans

339 1062 494 1115 ante
524 1072 710 1114 aram
725 1063 1069 1114 coronatur
1087 1056 1169 1114 ab
1185 1056 1458 1117 Hercule
1474 1067 1639 1117 retro
1667 1068 1840 1118 stan-

339 1166 444 1230 105'
488 1174 576 1216 ea:
594 1157 875 1215 adverso
919 1165 1098 1215 stans
1129 1158 1458 1217 Maximus
1483 1161 1838 1237 paludatus

339 1259 407 1317 d.
432 1265 764 1334 pateram,
810 1276 860 1315 s.
890 1259 1177 1331 hastam,
1222 1259 1332 1318 cm·
1354 1262 1572 1319 adstat
1600 1262 1832 1335 Apollo

338 1361 553 1418 nudus
599 1379 651 1417 s.
694 1377 912 1417 areum
950 1367 1188 1418 tenens.
1263 1353 1340 1419 121
1372 1361 1593 1425 horum
1625 1364 1832 1422 medio

338 1468 476 1519 etat
510 1460 741 1519 mulier
766 1460 1025 1537 ylobum
1052 1462 1293 1534 juncta
1328 1470 1599 1543 utroque
1637 1482 1833 1523 marm

287 1557 298 1569 '
335 1568 578 1646 tenens.
625 1559 764 1621 AE.
810 1579 986 1619 max.
1032 1559 1204 1622 mod.
1260 1579 1343 1621 ex
1379 1559 1643 1649 duplice
1697 1582 1834 1625 me-

334 1659 523 1721 talin.
568 1659 766 1739 (Musa.
803 1661 1023 1739 Caes.)

422 1768 423 1771 ’
464 1759 636 1829 Vide
657 1805 674 1833 ,
719 1782 885 1845 quae
915 1762 996 1823 de
1033 1765 1157 1830 hoc
1180 1783 1379 1827 numo
1406 1763 1576 1828 infra
1602 1765 1667 1827 in
1697 1785 1834 1827 mo·

331 1878 486 1925 neta
523 1860 644 1923 filii
679 1863 980 1924 monebo.

894 2074 932 2112 ἐ
1059 2030 1099 2069 *
1235 2075 1275 2114 0

343 2137 440 2193 De
469 2134 661 2192 annis
710 2141 774 2192 et
810 2136 955 2195 trib.
988 2144 1308 2212 potestate
1339 2139 1693 2198 Maximini
1703 2180 1719 2211 ‚
1758 2147 1839 2203 ut

397 2243 493 2295 et
535 2236 617 2295 de
649 2238 936 2296 terminis
967 2238 1220 2315 imperii
1259 2241 1747 2315 Gordianorum,

713 2337 1011 2412 Balbini,
1057 2348 1124 2399 et
1152 2340 1439 2416 Pupieni·

466 2473 799 2556 Nusquam
853 2473 1011 2534 alias
1061 2473 1184 2536 hac
1248 2489 1434 2558 parte
1484 2474 1835 2560 implexior

342 2572 620 2643 historia
655 2577 982 2648 Romana,
1027 2575 1193 2637 adeo
1231 2576 1643 2639 discordibus
1674 2580 1832 2662 ipsis

337 2673 719 2750 veteribus,
784 2689 854 2736 ut
920 2675 1187 2763 dubium
1253 2677 1588 2756 videatur,
1663 2681 1831 2743 sitne

340 2775 548 2859 magis
597 2774 889 2836 miranda
945 2796 1174 2839 eorum
1227 2779 1594 2861 ignorantia
1612 2796 1633 2856 '‚
1681 2798 1828 2843 cum

339 2876 679 2938 liist'oriam
728 2896 1139 2939 *summorum
1210 2880 1388 2942 orbis
1435 2880 1826 2964 principum,

341 2998 621 3064 quorum
693 2997 924 3039 aevum
990 3002 1117 3041 non
1176 3003 1575 3066 magnopere
1630 3005 1663 3044 a
1711 3005 1828 3045 suo

344 3078 659 3155 distabat,
704 3078 997 3142 scribere
1021 3082 1520 3159 meditarentur,
1560 3105 1636 3145 an
1669 3085 1835 3146 osci·

345 3180 585 3256 tantia,
631 3198 781 3242 cum
837 3181 1073 3243 omissa
1112 3183 1269 3245 crisi
1311 3197 1563 3246 temere
1598 3185 1836 3258 omnia,

348 3307 429 3351 ac
470 3286 746 3350 fortuito
787 3282 1125 3345 mandasse
1174 3283 1384 3346 literis
1434 3284 1838 3349 viderentur.

347 3392 453 3454 Ex
508 3387 745 3451 horum
814 3385 1201 3468 praeconiis¹
1246 3385 1587 3467 imperavit
1637 3387 1841 3448 Maxi·

357 3491 572 3553 minus
630 3488 813 3551 annis
872 3490 949 3551 11.
1007 3487 1110 3547 vel
1177 3487 1286 3546 111.
1348 3489 1456 3549 vel
1515 3487 1673 3571 ipsis
1728 3490 1841 3554 Vt.

347 3592 769 3675 Imperavere
818 3557 1138 3651 Gordiani
1196 3587 1341 3649 Afri
1386 3588 1513 3670 jam
1570 3588 1709 3649 dies
1757 3590 1828 3651 C.

345 3693 487 3774 jam
532 3712 768 3755 annum
830 3691 877 3750 1.
933 3708 1191 3751 menses
1237 3689 1382 3764 v1.‚
1443 3687 1573 3772 jam
1632 3709 1834 3751 annos

754 3793 838 3854 At
874 3789 1186 3852 Balbinus
1237 3804 1302 3852 et
1336 3791 1667 3872 Pupienus
1705 3789 1832 3870 jam

348 3892 492 3956 dies
539 3893 787 3968 xxu„
851 3891 981 3973 jam
1033 3910 1289 3952 menses
1347 3893 1495 3967 111.,
1556 3892 1683 3971 jam
1731 3917 1839 3958 an-

346 4016 507 4057 num
569 3997 619 4058 1.
676 3995 804 4078 jani
868 3994 948 4054 11.
1012 3992 1331 4074 Reliquae
1391 4006 1615 4068 notae,
1679 4015 1835 4077 quas

348 4095 689 4171 adferunt,
754 4107 863 4156 aut
906 4114 1035 4154 non
1082 4093 1439 4154 cohaerent
1481 4115 1626 4156 cum
1674 4095 1831 4157 alio-

343 4219 492 4262 rum
554 4196 779 4271 dictis,
862 4208 971 4256 aut
1043 4199 1270 4276 aperte
1352 4208 1501 4255 sunt
1572 4196 1831 4257 menda-

344 4319 479 4363 ces.
566 4298 740 4360 Nolo
802 4295 1140 4358 brevitatis
1201 4316 1389 4357 causa
1439 4315 1835 4357 commemo-

342 4418 494 4463 rare
535 4398 826 4482 singula,
872 4395 1050 4479 quod
1087 4417 1162 4457 ea
1200 4396 1523 4477 explicate
1558 4397 1679 4476 jam
1717 4395 1830 4458 ha-

340 4500 586 4563 bentur
640 4501 708 4561 in
778 4498 1185 4560 Tillemontii
1259 4497 1353 4560 ad·
1405 4485 1825 4559 Maximinum

3186 576 3193 591 „
3289 489 3431 571 29³

1946 652 2156 728 notis,
2219 666 2360 716 tum
2409 652 2582 738 apud
2626 652 3088 743 Mazzolcnuni
3143 657 3224 734 ⁸).
3313 657 3435 719 His

1945 754 2473 817 testimoniorum
2527 755 2836 817 monstris
2903 776 3050 818 cum
3094 757 3436 821 nitendum

1952 868 2129 917 esset
2167 855 2625 918 eruditissimis
2680 856 2906 918 aetatis
2949 872 3211 922 nostrae
3249 860 3439 923 chro-

1952 956 2251 1041 nologis,
2326 955 2501 1018 istud
2576 955 2858 1041 denique
2922 959 3301 1037 obtinuere,
3365 975 3438 1023 ut

1953 1071 2194 1142 quanto
2226 1058 2375 1141 plus
2417 1057 2821 1140 indagarent,
2861 1074 3040 1138 tanto
3074 1060 3221 1146 plus
3256 1064 3442 1144 igno-

1953 1173 2211 1231 rarent,
2258 1173 2323 1221 et
2368 1177 2821 1242 quamcunque
2865 1160 3122 1223 demum
3182 1177 3441 1225 senten·
3540 1150 3552 1155 “

1952 1259 2106 1320 tiam
2178 1259 2768 1342 amplecterentur,
2863 1261 2987 1322 sibi
3064 1263 3440 1328 diffiderent

1948 1361 2096 1445 ipsi.
2185 1363 2420 1454 Quare
2468 1361 2666 1422 satius
2727 1359 2874 1424 fore
2947 1363 3287 1442 existimo,
3350 1367 3436 1443 si,

1948 1482 2374 1547 quaecunque
2418 1462 2501 1545 ¹ab
2546 1461 2646 1523 his
2684 1478 2996 1547 angustae
3043 1467 3278 1527 mentis
3322 1467 3440 1535 ho-

1948 1564 2269 1638 minibuS,
2345 1584 2509 1647 quos
2589 1561 2761 1624 inter
2835 1566 3237 1648 Capitolinus
3303 1586 3440 1629 om·
3524 1634 3528 1639 ,

1947 1667 2129 1727 nium
2173 1662 2351 1725 forte
2386 1665 2635 1746 primus
2674 1665 3020 1740 locandae,
3068 1666 3439 1750 conscripta
3503 1648 3508 1661 Ι

1950 1780 2137 1842 sunt,
2213 1765 2747 1846 aspernabimur,
2823 1781 2888 1829 et
2953 1787 3048 1831 ex.
3088 1785 3440 1829 numerum

1949 1865 2120 1942 fide,
2187 1864 2423 1950 quibus
2473 1881 2671 1928 testes
2730 1868 3248 1953 incorruptiores
3307 1888 3441 1929 non

1947 1968 2304 2042 habemus,
2372 1965 2564 2049 hujus
2601 1970 2865 2037 'aetatis
2942 1968 3440 2050 chronologiam

1949 2070 2319 2131 metiemur.
2382 2071 2598 2151 Atque
2637 2067 2993 2130 secundum
3028 2069 3155 2131 hoc
3184 2070 3441 2131 institu-

1948 2185 2088 2233 tum
2146 2170 2331 2230 lubet
2388 2169 2567 2231 varia
2620 2168 2812 2251 hujus
2865 2170 3006 2231 aevi
3071 2172 3281 2253 capita
3329 2190 3440 2232 ex-

1948 2270 2273 2354 pendere,
2320 2289 2452 2330 non
2491 2291 2621 2352 quo
2650 2290 2907 2353 sperem
2932 2314 2948 2345 ,
2994 2291 3099 2332 me
3136 2271 3439 2334 tenebras

1949 2368 2175 2434 omnes
2203 2371 2662 2453 depulsurum,
2710 2370 2825 2432 sed
2857 2393 2984 2455 quo
3006 2387 3242 2455 pateat,
3280 2371 3438 2463 quid

1948 2473 2017 2534 in
2048 2473 2356 2536 universa
2390 2472 2512 2533 hac
2547 2493 2736 2534 causa
2774 2470 3125 2536 habeamus
3158 2486 3436 2548 certum,

1950 2590 2014 2636 et
2064 2594 2229 2657 quae
2290 2572 2709 2636 difficultates
2759 2574 3037 2656 singulis
3098 2574 3440 2637 sententiis

1948 2688 2384 2760 opponantur.

2030 2847 2079 2906 1.
2132 2800 2367 2906 Caesus
2419 2853 2516 2904 est
2550 2845 2952 2904 Maximinus
2998 2848 3076 2906 V.
3130 2846 3189 2904 C.
3226 2834 3350 2911 99!

2499 2948 2569 3007 P.
2603 2947 2698 3012 X,
2722 2951 2868 3008 238.

2076 3084 2219 3149 Viri
2242 3083 2419 3145 omni
2449 3082 2640 3143 laude
2660 3081 2944 3164 majores
2967 3126 2984 3154 ,
3033 3081 3440 3166 Onuphrius,

1951 3185 2291 3258 petavius»,
2370 3184 2689 3244 Calvisius
2754 3196 3033 3254 mortem
3106 3185 3445 3246 Maximini

1953 3284 2239 3368 Oqtobri
2289 3283 2441 3344 anni
2488 3285 2567 3350 V.
2621 3285 2691 3344 C.
2734 3303 2856 3364 qqo
2902 3287 2974 3343 P.
3027 3284 3108 3344 X.
3163 3287 3285 3366 237
3332 3286 3444 3348 ad..

1954 3383 2278 3459 fixerunt,
2357 3382 2787 3464 opportunius
2843 3383 2953 3443 alii
3009 3406 3176 3447 anno
3223 3387 3312 3453 V.
3367 3388 3438 3449 C.

1955 3507 2101 3570 99¹·
2186 3483 2501 3546 Abstineo
2556 3485 2994 3563 argumentis,
3043 3485 3276 3568 quibus
3326 3506 3441 3570 po·

1950 3586 2296 3648 steriorem
2368 3581 2740 3665 opinionem
2811 3583 3103 3646 stabilire
3167 3600 3437 3648 conatus

1950 3702 2052 3751 est
2094 3685 2557 3748 Tillemontius
2589 3681 2676 3764 1’).
2723 3686 2949 3746 Numis
2974 3708 3115 3747 rem
3144 3707 3351 3770 agam.

2078 3788 2257 3850 Istud
2292 3788 2599 3847 evincunt
2637 3787 2817 3846 numi
2860 3788 3138 3849 Romani
3173 3801 3302 3850 tarn
3335 3809 3439 3850 ar·

1954 3889 2210 3974 genten,
2274 3908 2464 3971 quam
2509 3887 2694 3948 aenei
2739 3891 3301 3953 senatusconsulto
3354 3890 3439 3951 si-

1954 3990 2169 4073 gnati,
2232 3975 2293 4048 in
2347 3987 2580 4070 quibus
2644 4001 2904 4049 notatur
2952 3989 3101 4051 trib.
3144 4006 3435 4074 potestas

1950 4095 2061 4160 IV.
2135 4093 2389 4152 Horum
2450 4087 2649 4149 fidem
2717 4089 2782 4149 in
2842 4090 3107 4153 dubium
3162 4083 3435 4157 vocave-

1944 4206 2100 4255 runt
2135 4190 2599 4253 Tillemontius
2648 4191 2743 4268 θ),
2790 4191 3029 4276 aliique
3079 4194 3206 4256 viri
3246 4215 3434 4278 prae·

1948 4291 2345 4357 stantissimi.
2449 4290 2535 4350 At
2604 4290 2889 4356 existere
2956 4294 3097 4375 ejus
3169 4298 3432 4381 generis

1942 4416 2073 4457 non
2110 4412 2388 4479 paucos,
2431 4403 2708 4452 testatur
2739 4396 2841 4456 vel
2882 4396 3094 4458 solum
3131 4417 3427 4460 museum

1946 4483 2373 4574 Caesareum,
2446 4498 2515 4557 in
2595 4518 2725 4581 quo
2785 4517 2917 4559 non
2988 4496 3427 4560 adnumeratis

329 4645 3417 4680 n———*——⁵-——————————-——Q—-—-

411 4719 474 4787 a)
515 4711 829 4773 Animadv.
868 4712 911 4768 1.
955 4710 1028 4767 de
1067 4710 1204 4767 trib.
1241 4721 1364 4786 pot.
1404 4730 1462 4786 p.
1506 4718 1627 4781 1'49.

1779 4708 1845 4781 b)
1885 4706 2035 4765 Nota
2071 4708 2144 4768 V.
2184 4708 2245 4766 in
2285 4707 2686 4769 Maximinum.

2848 4715 2907 4780 c)
2948 4709 2989 4768 l.
3029 4731 3079 4768 c.
