4652 5937
1357 405 1725 483 ANNIA
1795 405 2433 484 FAVSTINA.

363 594 483 656 ced
517 591 727 652 ah‘am
762 597 992 667 postea
1012 630 1030 663 ‚
1094 597 1160 649 ee
1214 590 1364 650 hinc
1413 593 1616 651 aliam
1671 601 1862 673 aeque

361 693 571 755 aliam
617 693 844 763 duxit,
891 707 971 749 ac
1021 690 1249 749 deiude
1276 692 1473 751 rediit
1515 695 1742 753 iterum
1773 696 1868 753 ad

364 794 695 855 Severum.
711 787 1014 870 Denique
1034 789 1449 871 Herodianus
1464 792 1518 871 ⁸)
1537 812 1554 852 ε
1589 797 1706 853 sed
1718 813 1861 853 eam

360 914 616 978 quoqne
651 890 1045 973 (Aquiliam)
1083 911 1235 953 mox
1270 896 1635 971 repudiavit
1668 897 1860 955 tertia

357 1000 559 1059 ducta
587 1013 827 1067 uxore,
872 1011 1039 1074 quac
1066 995 1303 1071 referre
1328 1015 1532 1073 qeuus
1559 1015 1743 1055 suum
1774 997 1869 1055 ad

242 1136 269 1140 v-
361 1097 773 1161 Commodum
802 1096 1155 1156 dicebatur.
1202 1096 1306 1157 Ex
1336 1093 1439 1155 bis
1472 1094 1860 1158 testimoniis

358 1194 605 1273 confit,
648 1195 929 1258 Anniam
972 1195 1386 1274 Faustinam,
1432 1217 1625 1280 quam
1677 1197 1861 1259 numi

361 1298 714 1382 Elagabali
762 1317 1038 1361 uxorem
1087 1296 1526 1374 constituunt,
1587 1296 1862 1361 eandem

361 1419 509 1465 esse
565 1421 719 1465 cum
768 1414 1125 1479 anonyma,
1195 1419 1386 1481 quam
1434 1399 1615 1463 citati
1660 1400 1864 1484 scrip-

361 1516 547 1566 tores
618 1506 710 1563 M.
763 1501 1072 1562 Antonini
1121 1514 1421 1584 neptem,
1478 1515 1624 1576 aut,
1683 1499 1863 1585 quod

363 1602 646 1686 perinde
695 1615 831 1677 est,
874 1600 1132 1687 refiert-e
1182 1619 1388 1682 genus
1434 1602 1515 1663 ad
1561 1603 1864 1665 Commo-

365 1704 521 1777 dum
574 1703 828 1767 dixere.
888 1706 1051 1766 Nam
1106 1715 1455 1785 utrumque
1494 1702 1686 1785 hujus
1733 1706 1862 1766 Au-

368 1808 601 1890 gustae
630 1823 874 1878 nomen
920 1823 1009 1873 ,ex
1053 1803 1260 1867 Marci
1290 1802 1535 1865 familia
1566 1816 1665 1864 est
1691 1849 1719 1895 ⁹-
1749 1805 1864 1888 qui

363 1925 447 1967 ex
504 1919 709 1988 gente
748 1904 956 1966 Annia
1000 1902 1314 1965 oriundus
1354 1902 1513 1979 fuit,
1560 1916 1864 1967 uxorem·

363 2026 494 2090 que
558 2004 936 2068 Faustinam
998 2004 1262 2078 habuit,
1320 2023 1403 2065 ex
1465 2005 1699 2088 quibus
1750 2028 1860 2067 na·

362 2122 468 2173 tae
516 2120 790 2189 neptes,
851 2119 920 2167 et
973 2106 1286 2188 abneptes
1338 2117 1690 2189 utrumque
1747 2124 1862 2166 no-

362 2227 521 2283 men
575 2206 937 2288 collegere.
999 2206 1169 2269 Sane
1200 2218 1269 2269 et
1301 2206 1521 2268 Iuniae
1564 2207 1857 2269 Fadillae

360 2307 712 2393 proneptis
786 2306 1137 2383 Antonini,
1231 2327 1396 2390 quae
1472 2305 1859 2391 desponsata

359 2411 492 2473 fuit
554 2407 842 2470 Maximo
892 2408 1192 2483 Caesari,
1254 2407 1554 2471 meminit
1604 2410 1860 2491 Capito-

361 2512 543 2573 linus
611 2506 698 2587 h).
788 2509 1170 2593 Suspicatur
1220 2508 1596 2586 Fabricius,
1653 2509 1858 2572 fuisse

362 2611 535 2676 hanc
572 2604 945 2672 Faustinam
975 2609 1273 2671 Lucillae
1308 2607 1509 2670 filiam
1557 2628 1637 2671 ex
1672 2611 1861 2672 Clau·

368 2712 481 2784 dio
539 2710 944 2794 Pompejauo
1009 2711 1219 2773 altero
1289 2710 1431 2790 ejus
1492 2710 1727 2773 marito
1775 2710 1856 2786 ο).
1906 2730 1915 2735 ·

252 2870 265 2879 .
362 2813 649 2896 Atnulla
680 2810 858 2873 istud
878 2810 1017 2873 veri
1036 2811 1258 2894 specie
1280 2811 1623 2892 conjectat.
1657 2815 1859 2876 Caesa

366 2927 468 2979 est
493 2912 757 2977 Lucilla
788 2914 869 2979 V.
893 2915 964 2976 C.
1000 2910 1147 2992 930.
1194 2915 1393 2987 Esto,
1435 2915 1709 2977 Anniam
1744 2933 1861 2978 no-

366 3031 569 3085 stram
610 3028 948 3097 postremo
996 3016 1123 3080 hoc
1164 3036 1332 3080 anno
1380 3029 1592 3078 natam
1630 3016 1858 3090 fuisse,

363 3138 536 3185 anno
577 3116 661 3180 V.
695 3116 765 3179 C.
820 3124 983 3199 974,
1029 3137 1158 3201 quo
1195 3131 1339 3179 eam
1371 3116 1657 3198 junctam
1707 3129 1858 3180 cum

364 3216 732 3300 Elagabalo
780 3216 1114 3294 dicemus,
1180 3220 1318 3303 egit
1350 3233 1588 3280 annum
1631 3217 1858 3279 aetatis

364 3319 730 3412 xxxvm.
816 3321 918 3381 An
965 3321 1368 3395 verisimile,
1432 3319 1860 3402 Elagabalum

368 3420 606 3486 decem
647 3432 719 3485 et
762 3434 1014 3503 septem
1069 3436 1207 3484 tum
1246 3442 1449 3484 annos
1496 3434 1715 3482 natum
1753 3441 1862 3501 ap·

362 3523 643 3608 petiisse
694 3521 1042 3584 mulierem
1090 3522 1234 3600 ,ejus
1285 3522 1550 3600 aetatis,
1594 3534 1705 3583 aut
1757 3519 1861 3581 illi

361 3622 488 3699 bac
551 3622 767 3685 adhuc
827 3637 1040 3687 aetate
1098 3624 1447 3686 illecebras
1491 3620 1860 3686 constitisse

363 3724 779 3796 adolescenti
844 3725 1229 3802 damnosas,
1306 3745 1594 3808 quasque
1658 3724 1726 3784 in
1784 3743 1860 3786 ea

361 3825 707 3912 praedicat
746 3824 925 3888 Dio?
970 3828 1207 3894 Verius
1250 3826 1452 3909 igitur
1500 3824 1624 3891 fuit
1655 3825 1861 3887 Marci
1897 3885 1901 3890 .

371 3948 457 3990 ex
520 3925 719 4009 hujus
776 3924 1059 3989 filiarum
1122 3948 1245 3987 una
1307 3925 1648 4008 abneptis3
1711 3947 1859 3986 nam

364 4025 702 4112 ἆπστγονος,
731 4049 875 4112 -qua
903 4046 1085 4091 ‚voce
1135 4029 1339 4089 utitur
1387 4027 1554 4102 Dio,
1600 4028 1668 4086 in
1719 4027 1862 4108 plu-

366 4149 479 4193 res
513 4109 973 4213 generationes
992 4128 1372 4214 porrigitur.
1416 4128 1693 4190 Ductam
1716 4147 1861 4189 eam

367 4232 483 4310 Vc
517 4231 812 4318 Q.-q74,
848 4227 1047 4292 infra
1105 4245 1187 4292 ex
1247 4228 1461 4291 numia
1521 4228 1861 4292 commatis

368 4329 717 4416 peregrini
759 4330 1203 4413 probabimus.
1298 4331 1687 4413 Repudista·
1714 4350 1865 4414 per·

3315 421 3455 500 261
3531 472 3538 479 -

1974 590 2127 655 inde
2166 613 2241 654 ac
2288 592 2578 675 priores,
2623 607 2690 657 et
2737 594 2939 657 fuisse
2977 598 3456 663 matrimonium

1974 694 2320 777 perexigui
2385 694 2734 777 temporis,
2797 697 3031 780 probat
3081 720 3214 762 non
3264 702 3461 764 modo

1972 793 2264 875 paucitas
2302 793 2443 877 ejus
2472 816 2855 875 numerum,
2898 799 3014 860 sed
3056 800 3250 863 etiam
3284 801 3463 885 quod

1974 894 2370 978 Elagabalus
2398 896 2567 958 intra
2599 897 2926 960 modicum
2949 913 3236 984 tempus,
3284 904 3464 987 quod

1974 993 2151 1056 inter
2182 995 2298 1056 has
2331 996 2588 1079 nuptias
2626 1011 2693 1059 et
2742 1014 3023 1063 mortem
3070 1001 3464 1080 intercessit,

1976 1096 2134 1159 alias
2190 1094 2404 1159 adhuc
2455 1118 2697 1159 uxores
2769 1100 2988 1174 duxit,
3052 1123 3128 1166 ac
3179 1102 3464 1189 denique

1977 1218 2161 1258 suam
2201 1197 2442 1259 iterum
2497 1200 2817 1283 Aquiliam
2869 1205 3197 1285 respexit,
3262 1219 3333 1266 ut
3382 1226 3466 1268 ex

1975 1297 2195 1360 Dione
2231 1297 2595 1361 docuimus.
2657 1303 2750 1362 Ea
2784 1304 2920 1364 sola
2953 1324 3034 1364 ex
3074 1305 3334 1368 coaevis
3371 1303 3468 1369 fe·

1976 1399 2171 1460 minis
2218 1401 2528 1484 Augustis
2572 1404 2888 1466 arcessito
2947 1405 3148 1466 Iuliae
3198 1407 3465 1469 nomine

1978 1492 2326 1575 abstinuit,
2389 1499 2698 1563 nimirum
2755 1507 2861 1566 cui
2928 1527 3091 1588 opus
3151 1527 3285 1570 non
3339 1506 3465 1570 fuit

1974 1601 2261 1662 alienum
2298 1603 2512 1683 gentis
2556 1602 2756 1665 decus
2791 1604 3139 1683 affectare,
3186 1628 3334 1670 cum
3366 1631 3465 1671 sa-

1975 1701 2061 1763 tis
2095 1722 2215 1784 per
2252 1716 2517 1786 gentem
2557 1704 2830 1766 Anniam
2855 1750 2872 1782 ,
2918 1706 3103 1787 eujus
3161 1710 3463 1773 surculus

1975 1801 2101 1863 fuit
2122 1844 2145 1880 ,
2189 1822 2261 1865 se
2294 1803 2702 1867 nobilitatam
2733 1804 3223 1875 existimaverit.

2571 2031 2866 2088 Numi.-

2098 2206 2441 2269 Rarissimi
2474 2222 2622 2270 sunt
2650 2209 2845 2290 hujus
2879 2210 3225 2275 Faustinae
3259 2214 3461 2275 numi·

1980 2304 2202 2400 Quare
2250 2328 2492 2391 operae
2524 2310 2807 2392 pretium
2851 2311 3112 2386 fecero,
3158 2311 3252 2386 si,
3298 2333 3463 2396 quos

1973 2408 2115 2491 ipse
2164 2408 2328 2480 vidi,
2387 2423 2456 2472 et
2517 2411 2830 2492 probavi,
2894 2427 3005 2488 aut
3065 2413 3146 2475 ab
3204 2413 3464 2476 idoneis

1972 2508 2406 2590 praeconibus
2440 2512 2889 2595 promulgatos
2935 2514 3122 2590 novi,
3174 2513 3464 2596 descrip·

1974 2627 2164 2683 sero,
2224 2612 2528 2692 sepositis
2575 2612 2641 2672 in
2692 2626 3061 2695 separatum
3109 2614 3466 2677 articulum¹

1972 2706 2188 2785 salsis,
2233 2725 2343 2771 aut
2373 2711 2519 2793 jure
2562 2714 2900 2795 suspectis.

2254 2813 2544 2876 ANNIA.
2583 2813 3047 2884 FAVSTINA.
3080 2813 3282 2884 AVG.
3329 2817 3461 2879 Hu-

2240 2918 2363 2993 jus
2397 2926 2608 2996 caput.
3459 2953 3468 2967 =

1972 3012 2514 3083 CONCORDIA.
2597 3020 2949 3098 Imperator
2990 3029 3247 3099 loqutus
3281 3030 3462 3081 stans

1972 3123 2301 3180 dexteram
2349 3127 2492 3180 cum
2532 3123 2827 3183 adstante
2860 3123 3175 3184 Faustina
3209 3124 3457 3201 jemyit,

1973 3222 2235 3280 marea
2266 3229 2527 3282 astream.
2572 3221 2710 3282 AR.

1988 3361 1993 3364 -
2099 3321 2385 3380 Numam
2447 3318 2621 3380 hune
2670 3320 2984 3381 Baldinus
3054 3318 3123 3382 in
3167 3323 3468 3383 Romana-1

1974 3418 2311 3487 Vaillantii
2336 3417 2630 3481 editione
2672 3438 2754 3480 ex
2789 3439 3017 3481 museo
3048 3419 3297 3481 abbatis
3329 3423 3462 3482 Ro-

1974 3518 2185 3581 tbclin
2208 3559 2225 3594 ,
2272 3537 2444 3581 nunc
2475 3511 2654 3603 regis
2684 3520 3181 3602 Hispaniarum,
3224 3519 3460 3598 refert,

1973 3639 2257 3702 eumque
2308 3619 2604 3696 unicum,
2669 3634 2737 3683 et
2781 3621 3180 3703 singularem
3242 3634 3462 3698 vocat,

1976 3741 2126 3785 eum
2175 3741 2305 3805 quo
2349 3721 2674 3784 consentit
2729 3722 2815 3785 cl.
2855 3722 3177 3785 Beauvais
3226 3721 3324 3802 d),
3389 3736 3458 3785 et:

1973 3822 2324 3905 Belleyus‘,
2372 3823 2484 3905 qui
2523 3821 2804 3885 eundem
2851 3844 3117 3884 numum
3153 3821 3317 3884 vidit
3351 3823 3463 3885 ad-

1972 3923 2442 4006 probavitque,
2484 3936 2559 3986 ut
2601 3937 2878 3988 testatur
2909 3924 3053 4009 ipse
3091 3922 3161 3983 in
3202 3922 3460 3986 laudata

1976 4024 2462 4095 dissertatione.

2697 4125 2739 4164 ψ

2257 4168 2573 4292 ΑΝΝΙΑ.ι
2594 4166 3052 4294 FAVST'iNA.
3099 4225 3306 4293 AVG.
3351 4229 3464 4291 Ca-

2248 4339 2373 4410 put
2396 4333 2742 4393 Faustinae
2771 4330 2965 4391 lunae
2995 4327 3379 4408 inzposimm.

390 4607 409 4614 ·
446 4581 513 4649 a)
550 4578 615 4633 in
647 4575 888 4653 Elagab.

375 4667 500 4725 abr.
541 4665 647 4724 des
687 4667 858 4741 Emp.

1109 4573 1176 4646 b)
1215 4573 1279 4632 in
1310 4573 1579 4631 Maximo.

1804 4576 1862 4646 c)
1896 4571 2047 4632 Nota
2074 4578 2147 4635 24
2189 4569 2268 4630 ad
2298 4570 2507 4629 Dionis
2548 4568 2693 4670 libr..
2719 4568 2980 4628 LXXIX.
3035 4591 3042 4596 ·

3204 4567 3276 4643 a>
3311 4568 3461 4631 Hist.
