4652 5937
1123 498 1874 583 PES‘CENNIVS
1979 503 2382 582 NIGER.

189 710 376 766 sese,
424 711 656 778 neque
687 679 1063 775 metropolin
1097 695 1163 757 in
1186 694 1400 757 numis
1421 692 1702 778 scripsit.

190 794 588 858 Secundum
625 794 751 859 hoc
781 795 994 880 ipsum
1016 797 1356 880 exemplar
1391 795 1527 858 sive
1554 815 1708 877 pro-

187 895 352 973 bae,
435 899 589 962 sive
650 889 973 982 malignae
1036 913 1234 961 notae
1298 913 1437 961 tres
1490 897 1704 959 habeo

195 1015 593 1083 compertos
641 1023 873 1090 numos
918 999 1235 1063 moderna
1279 1023 1474 1064 manu
1524 997 1707 1062 effic·

196 1115 337 1190 tos,
389 1097 878 1187 ‘eosqueadeo
931 1103 1104 1163 inter
1170 1121 1242 1164 se
1288 1103 1568 1176 similes,
1632 1112 1703 1188 ut

197 1202 472 1265 dubium
525 1226 670 1270 non
714 1204 835 1280 sit,
894 1203 974 1266 ab
1021 1202 1250 1266 eadem
1281 1204 1435 1285 illos
1475 1222 1702 1265 omnes

203 1306 478 1369 matrice
541 1305 751 1370 fuisse
798 1304 1157 1388 profectos·
1250 1310 1312 1367 A·
1360 1304 1701 1366 Patiniano

204 1408 340 1471 sola
370 1426 652 1470 aversae
691 1406 1155 1490 inscriptione,
1218 1426 1426 1491 eaque
1475 1404 1706 1487 depra-

203 1524 345 1570 vata
384 1506 731 1584 differunt,
772 1529 936 1592 quae
985 1507 1078 1570 sic
1110 1506 1342 1570 habet:
1393 1502 1708 1568 ANAPI-

211 1604 433 1673 Non.
477 1605 1116 1671 KAICAPAIQN.
1150 1606 1511 1672 MHTPO.
1570 1611 1708 1669 Ho-

217 1730 360 1771 rum
393 1732 568 1775 unns
608 1709 853 1775 aeneus
903 1724 1115 1774 exstat
1149 1711 1215 1772 in
1257 1729 1486 1773 museo
1519 1709 1712 1771 Pem-

211 1809 421 1874 ‘btock
452 1814 535 1893 ει),
585 1811 757 1875 alter
786 1813 854 1874 in
883 1833 1111 1875 museo
1146 1813 1245 1877 ill.
1282 1833 1449 1876 com.
1471 1811 1708 1888 Vitzai,

217 1912 444 1974 tertius
474 1926 676 1976 notus
690 1914 955 1999 quidem
971 1914 1100 1995 jam
1139 1927 1239 1996 est
1257 1933 1335 1975 ex
1355 1911 1711 1998 praeconio

215 2014 501 2092 Khellii,
563 2016 681 2100 qui
710 2016 958 2078 eumin
993 2035 1113 2078 suo
1166 2014 1249 2078 ad
1279 2013 1702 2083 Vaillantium

218 2115 693 2199 Subplemento
761 2140 913 2203 pag.
984 2127 1104 2192 ¹04
1167 2137 1250 2180 ex
1309 2135 1539 2180 museo
1620 2114 1702 2175 de

221 2218 465 2282 France
487 2218 704 2282 edidit
726 2264 742 2296 ‚
789 2235 852 2283 at
873 2222 1164 2304 graviter
1180 2217 1479 2304 peccavit
1499 2261 1516 2293 ,
1554 2236 1702 2280 cum

220 2318 390 2402 quod
409 2319 911 2404 inscriptionem
947 2340 1218 2383 aversae
1249 2321 1342 2383 sic
1373 2318 1708 2381 refert-n

223 2421 756 2490 ΑΝΔΡΙΝΩΝ.
862 2415 1443 2486 ΚΑΙΟΑΡΕΩΝ.
1524 2413 1708 2480 MH-

225 2522 415 2587 ΤΡΟ.
440 2572 457 2602 ,
492 2548 644 2591 eum
667 2543 886 2592 tamen
919 2547 1063 2589 eam
1099 2526 1194 2587 sic
1214 2544 1285 2588 se
1323 2521 1593 2595 habere,
1632 2532 1706 2581 ut

230 2647 409 2709 supra
428 2630 598 2706 dixi,
639 2629 984 2692 adfirmare
1004 2629 1272 2712 possim,
1306 2625 1418 2710 qui
1435 2641 1705 2683 numum

231 2727 362 2791 data
380 2750 578 2815 opera
614 2751 811 2815 saepe
834 2776 851 2805 ‚
896 2750 971 2794 ac
1002 2728 1113 2790 diu
1133 2749 1275 2789 sum
1307 2721 1710 2803 contempla-

231 2844 359 2906 tus,
418 2846 557 2895 tum
612 2833 792 2918 quod
831 2831 889 2893 is
938 2830 1126 2893 illum
1182 2827 1570 2912 simpliciter
1604 2844 1706 2885 ar-

234 2947 524 3014 genteum
571 2935 896 2998 maximae
941 2933 1197 2997 formae
1259 2940 1488 3004 vocat,
1551 2945 1702 2989 cnm

235 3046 431 3098 tamen
463 3037 546 3099 sit
570 3037 856 3121 duplicis
887 3035 1176 3109 metalli,
1227 3028 1703 3115 eujusinterior

237 3135 399 3199 orbis
457 3157 540 3200 ex
611 3152 888 3221 argento
937 3155 1107 3221 puro
1170 3147 1306 3210 est,
1374 3128 1701 3209 ambiente

238 3234 397 3301 hunc
436 3239 688 3302 circulo
720 3257 948 3301 aeneo.
995 3236 1128 3331 Qui
1154 3236 1263 3298 vel
1298 3233 1702 3296 mediocrem

240 3338 332 3397 rei
372 3341 860 3403 numismaticae
907 3352 1210 3401 veterum
1257 3357 1444 3397 usum
1485 3334 1706 3408 habet,

238 3437 466 3503 videbit
519 3442 717 3506 facile
745 3461 897 3504 cum
932 3460 1014 3502 ex
1061 3439 1280 3500 luxata
1319 3434 1706 3520 epigraphe,

238 3549 363 3600 tum
379 3541 651 3627 duplicis
681 3542 1130 3615 metallilusu,
1176 3537 1485 3613 Graecis,
1528 3536 1708 3620 quod

242 3639 453 3720 sciam,
511 3646 778 3730 ignoto,
831 3657 904 3706 ut
945 3642 1705 3732 fabricamypraeteream

248 3761 291 3800 a.
316 3757 527 3809 vetere
577 3748 836 3811 ratione
873 3765 1149 3829 prorsus
1218 3742 1527 3817 alienam,
1587 3761 1707 3801 nu-

245 3861 401 3903 mum
439 3846 607 3912 hune
637 3870 763 3910 una
802 3869 951 3912 cum
991 3844 1190 3907 sociis
1224 3843 1291 3904 in
1332 3842 1705 3926 spuriorum

249 3960 499 4009 numero
513 3948 908 4011 habendum.
953 3948 1053 4011 Ex
1073 3966 1203 4029 quo
1224 3956 1493 4027 apparet
1510 3988 1528 4017 ,
1572 3961 1707 4004 non

253 4061 491 4130 semper
541 4071 687 4113 esse
723 4047 921 4111 animi
957 4044 1325 4130 arrogantis
1372 4044 1706 4115 indicium,

256 4163 385 4208 eum
415 4171 875 4236 nonnunquam
923 4146 1473 4232 peritissimorum
1511 4146 1707 4207 etiam

253 4244 515 4314 virorum
559 4251 830 4315 oraculo
863 4247 1254 4326 diffidimus3
1309 4268 1457 4309 nam
1510 4265 1704 4330 saepe

254 4364 367 4409 nou
410 4353 667 4436 quidem
715 4350 1088 4424 scientiam,
1163 4346 1282 4410 sed
1344 4349 1707 4412 adcuratio-

253 4467 418 4527 nem,
459 4468 524 4516 et
549 4452 1207 4535 circumspectionem
1242 4451 1308 4509 in
1336 4451 1415 4512 iis
1453 4450 1708 4511 deside-

255 4548 480 4618 ramus.
530 4554 945 4654 Vocabulum
983 4553 1469 4614 KENNA'I'AN
1514 4552 1707 4616 alteri

3168 537 3317 616 159

1819 709 2020 753 numo
2076 693 2403 773 additum,
2464 708 2530 759 et
2573 697 2749 782 quod
2799 699 3045 786 legitur
3094 702 3161 766 in
3196 679 3335 768 nu·¹

1820 792 1943 853 mis
1994 796 2407 860 sacerdotum
2441 799 2655 862 Olbae
2685 802 2954 865 Ciliciae
2976 849 2991 880 ,
3039 828 3309 870 numum

1820 894 2104 959 eundem
2138 900 2347 985 magis
2378 900 2591 968 adhuc
2628 917 3002 990 suspectum
3028 906 3208 985 facit.

2382 1073 2424 1114 st
2544 1030 2588 1071 *
2712 1077 2752 1116 fi

2101 1162 2378 1227 ATTO.
2423 1161 2629 1232 ΠΕΟ.
2705 1167 3073 1240 ΝῙΓΡΟΟᾸ
3125 1170 3315 1237 ῙΟΤ-

2106 1263 2360 1332 CTOC.
2425 1273 2625 1350 Caput
2652 1274 3030 1339 laureatum.

1818 1362 2333 1431 ΟῙΔΩΝΙΩΝ.
2380 1373 2605 1434 Pallas
2634 1386 2815 1437 atam
2842 1382 2905 1440 d.
2940 1383 3223 1457 hastam,
3254 1405 3318 1448 s..

1819 1469 2132 1547 clypeum.
2172 1470 2314 1532 AE.
2348 1473 2426 1533 11.

1949 1569 2297 1633 Cimelium
2331 1572 2506 1635 istud
2526 1577 2775 1641 Romae
2808 1602 2975 1645 anno
3010 1582 3311 1667 proxime

1823 1671 2046 1755 elapso
2099 1691 2182 1733 ex
2238 1695 2399 1756 gaza
2443 1696 2557 1738 sua
2609 1680 2896 1764 vulgavit
2940 1684 3044 1747 vir
3095 1685 3315 1749 erudi-

1823 1786 1927 1835 tus
1977 1774 2294 1858 Iosephus
2339 1777 2629 1841 Casalius
2678 1783 3026 1848 canonicus
3056 1786 3313 1852 Vatica-

1823 1897 1968 1939 nus.
2032 1878 2120 1943 Vt
2161 1897 2295 1938 non
2344 1879 2669 1942 solicitem
2698 1867 3088 1948 vocabulum
3122 1861 3346 1949 101·ss

1827 1975 2099 2053 CTOC,
2175 1979 2379 2041 multa
2428 1994 2577 2042 sunt
2621 1984 2783 2059 alia,
2830 2007 2995 2072 quae
3036 2007 3310 2050 numum

1823 2092 2197 2161 suspectum
2258 2078 2525 2143 faciunt.
2615 2082 2773 2147 lude
2844 2087 2927 2148 ab
2974 2086 3351 2170 Hadriano,

1820 2201 2056 2242 numus
2107 2181 2399 2242 Graecus
2462 2183 2694 2247 saltem
2743 2202 2964 2250 certae
3016 2187 3171 2250 fidei
3212 2189 3314 2251 Si-

1821 2280 1993 2343 done
2045 2282 2335 2366 signatus
2365 2304 2497 2346 non
2543 2301 2773 2353 exstat.
2860 2288 3021 2354 Inde
3063 2311 3098 2351 a
3137 2290 3308 2351 Cali-

1823 2384 1974 2466 gula
2023 2383 2091 2443 in
2145 2382 2287 2464 ejus
2336 2384 2519 2447 urbis
2572 2390 2790 2452 numia
2848 2391 2981 2454 non
3025 2390 3313 2474 amplius

1821 2484 2067 2567 legitur
2089 2476 2592 2550 ΣῙΔΩΝῙΩΝ
2616 2534 2634 2565 ,
2675 2491 2795 2554 sed
2825 2485 3310 2554 ΣΙΔΩΝΟΣ.
3344 2566 3351 2572 ⁸

1819 2585 2024 2647 Abest
2039 2607 2241 2648 annus
2259 2587 2552 2668 epochae
2570 2634 2586 2665 ,
2623 2613 2818 2675 quem
2843 2593 3096 2657 Sidonii
3112 2593 3315 2658 Grae-

1823 2687 1917 2749 cis
1966 2686 2098 2747 suis
2149 2688 2365 2749 numis
2425 2686 2570 2752 fere
2618 2707 2992 2757 constanter
3039 2694 3314 2776 inscrip-

1821 2806 1990 2850 sere.
2037 2787 2131 2848 Ac
2171 2786 2434 2850 demum
2474 2812 2689 2875 neque
2721 2809 2946 2878 typus,
2992 2794 3309 2858 hactenus

1816 2890 1882 2951 in
1933 2900 2195 2951 moneta
2232 2888 2498 2955 Sidonia
2541 2891 3028 2982 incompertus,
3086 2917 3313 2973 numo,

1817 2993 1902 3056 de
1961 3013 2095 3077 quo
2155 2990 2447 3073 agimus,
2480 2988 2487 2992 ⁷
2526 3000 2992 3079 patrocinatur.
3095 2999 3313 3082 Atque

1816 3096 2017 3169 haec,
2081 3093 2206 3156 etsi
2252 3094 2506 3177 singula
2550 3116 2684 3159 non
2743 3119 3143 3183 magnopere
3199 3099 3311 3162 ad·

1814 3208 2270 3268 versarentur,
2318 3207 2532 3258 tamen
2555 3198 2748 3261 simul
2784 3216 3039 3285 sumpta
3074 3221 3314 3285 magne

1824 3312 1974 3362 sunt
2021 3295 2101 3357 ad
2135 3293 2545 3376 prohandum
2583 3299 2757 3363 hunc
2799 3322 3068 3365 numum
3104 3303 3316 3387 impe·

1820 3402 2132 3465 dimento.
2177 3396 2381 3457 Forte
2406 3417 2596 3461 secus
2612 3399 3016 3483 judicarem,
3062 3403 3119 3464 si
3158 3422 3311 3465 eum

1822 3505 1966 3588 ipse
2003 3497 2331 3565 vidissem,

2385 3658 2425 3698 e
2551 3620 2591 3660 ⁴*
2713 3664 2755 3706 o

2108 3731 2320 3794 ΑΤΤ.
2365 3717 2448 3779 Κ.
2495 3714 2574 3783 Γ.
2629 3722 2899 3790 ΠΕΟΚ.
2954 3717 3314 3803 NIPPOc.
3394 3758 3401 3762 ·

2099 3830 2516 3897 lOTC'I'OC.
2548 3824 2736 3891 CGB.
2828 3833 3029 3908 Caput
3060 3829 3314 3889 laurea·

2106 3948 2258 3999 tum.

1824 4030 2009 4100 em.
2071 4034 2266 4099 cTP„
2346 4029 2503 4097 ΚΛ.
2564 4020 3315 4094 CTPATONGIKOT.

1823 4128 2438 4201 CMTPNAIssN.
2480 4138 2779 4197 Amazon
2808 4141 2989 4191 stans
3015 4134 3079 4190 d.
3108 4131 3318 4190 Victo-

1819 4245 2082 4318 riolam,
2127 4263 2180 4305 a.
2217 4242 2548 4318 bipennem
2579 4244 2643 4297 et
2664 4234 2905 4312 peltam
2922 4275 2939 4308 ,
2974 4251 3094 4311 pro
3135 4233 3319 4310 pedi-

1823 4348 1938 4408 bus
1972 4342 2180 4406 navis.
2225 4341 2363 4402 AE.
2406 4341 2495 4400 11..

1947 4449 2232 4510 Numum
2276 4440 2453 4502 hunc
2511 4456 2590 4498 ex
2643 4452 2871 4496 museo
2905 4430 3315 4494 Hunteriano

1821 4547 2116 4634 vulgavit
2160 4544 2246 4607 cl.
2291 4540 2777 4610 Pinkertonus,
2838 4536 3107 4619 aerique
3160 4532 3319 4594 inci·

244 4696 3300 4736 ΜΝ

314 4805 368 4870 a)
401 4803 540 4864 Part.
570 4803 672 4864 ΙΙΙ.
708 4804 830 4862 tab:
856 4810 945 4867 54.

1385 5852 1396 5857 “
1417 5846 1512 5872 ’μμ-
1535 5840 1574 5871 ἕ...
1595 5854 1812 5871 „mos-..u
