<?xml version="1.0" encoding="UTF-8"?>
<!DOCTYPE html PUBLIC "-//W3C//DTD XHTML 1.0 Transitional//EN"
    "http://www.w3.org/TR/xhtml1/DTD/xhtml1-transitional.dtd">
<html xmlns="http://www.w3.org/1999/xhtml" xml:lang="en" lang="en">
 <head>
  <title>
</title>
<meta http-equiv="Content-Type" content="text/html;charset=utf-8" />
  <meta name='ocr-system' content='tesseract 3.04.00' />
  <meta name='ocr-capabilities' content='ocr_page ocr_carea ocr_par ocr_line ocrx_word'/>
</head>
<body>
  <div class='ocr_page' id='page_1' title='image "./doctrinanumorum05hohlgoog_0330.png"; bbox 0 0 4652 5937; ppageno 0'>
   <div class='ocr_carea' id='block_1_1' title="bbox 1211 570 1354 633">
    <p class='ocr_par' dir='ltr' id='par_1_1' title="bbox 1211 570 1354 633">
     <span class='ocr_line' id='line_1_1' title="bbox 1211 570 1354 633; baseline -0.014 0"><span class='ocrx_word' id='word_1_1' title='bbox 1211 570 1354 633; x_wconf 82' lang='lat'><strong>310</strong></span> 
     </span>
    </p>
   </div>
   <div class='ocr_carea' id='block_1_2' title="bbox 1194 712 2700 1207">
    <p class='ocr_par' dir='ltr' id='par_1_2' title="bbox 1204 712 2700 1005">
     <span class='ocr_line' id='line_1_2' title="bbox 1204 712 2700 797; baseline -0.016 0"><span class='ocrx_word' id='word_1_2' title='bbox 1204 737 1283 797; x_wconf 89' lang='lat' dir='ltr'><strong>B.</strong></span> <span class='ocrx_word' id='word_1_3' title='bbox 1481 728 1657 791; x_wconf 88' lang='lat' dir='ltr'><strong>lMP.</strong></span> <span class='ocrx_word' id='word_1_4' title='bbox 1685 722 1925 789; x_wconf 79' lang='lat' dir='ltr'><strong>CAES.</strong></span> <span class='ocrx_word' id='word_1_5' title='bbox 1963 722 2051 781; x_wconf 87' lang='lat' dir='ltr'><strong>M.</strong></span> <span class='ocrx_word' id='word_1_6' title='bbox 2092 716 2292 778; x_wconf 79' lang='lat' dir='ltr'><strong>ANT.</strong></span> <span class='ocrx_word' id='word_1_7' title='bbox 2331 712 2700 777; x_wconf 81' lang='lat' dir='ltr'><strong>GORDIA-</strong></span> 
     </span>
     <span class='ocr_line' id='line_1_3' title="bbox 1487 818 2699 898; baseline -0.013 -6"><span class='ocrx_word' id='word_1_8' title='bbox 1487 830 1676 896; x_wconf 85' lang='lat' dir='ltr'><strong>NVS.</strong></span> <span class='ocrx_word' id='word_1_9' title='bbox 1722 821 1921 892; x_wconf 81' lang='lat' dir='ltr'><strong>AVG.</strong></span> <span class='ocrx_word' id='word_1_10' title='bbox 1984 822 2185 898; x_wconf 77' lang='lat' dir='ltr'><strong>Caput</strong></span> <span class='ocrx_word' id='word_1_11' title='bbox 2222 818 2584 890; x_wconf 78' lang='lat' dir='ltr'><strong>radiatum,</strong></span> <span class='ocrx_word' id='word_1_12' title='bbox 2629 818 2699 877; x_wconf 78' lang='lat' dir='ltr'><strong>in</strong></span> 
     </span>
     <span class='ocr_line' id='line_1_4' title="bbox 1488 920 2418 1005; baseline -0.02 -10"><span class='ocrx_word' id='word_1_13' title='bbox 1488 935 1626 995; x_wconf 78' lang='lat' dir='ltr'><strong>AR.</strong></span> <span class='ocrx_word' id='word_1_14' title='bbox 1663 932 1816 1005; x_wconf 88' lang='lat' dir='ltr'><strong>maj.</strong></span> <span class='ocrx_word' id='word_1_15' title='bbox 1854 926 2017 985; x_wconf 83' lang='lat' dir='ltr'><strong>mod.</strong></span> <span class='ocrx_word' id='word_1_16' title='bbox 2049 929 2113 981; x_wconf 85' lang='lat' dir='ltr'><strong>et</strong></span> <span class='ocrx_word' id='word_1_17' title='bbox 2142 921 2285 980; x_wconf 82' lang='grc' dir='ltr'><strong>ΑΕ.</strong></span> <span class='ocrx_word' id='word_1_18' title='bbox 2323 920 2418 995; x_wconf 35' lang='grc' dir='ltr'><strong>ΙΙ..</strong></span> 
     </span>
    </p>

    <p class='ocr_par' dir='ltr' id='par_1_3' title="bbox 1194 1015 2698 1207">
     <span class='ocr_line' id='line_1_5' title="bbox 1194 1015 2695 1101; baseline -0.014 -6"><span class='ocrx_word' id='word_1_19' title='bbox 1194 1038 1283 1101; x_wconf 82' lang='lat' dir='ltr'><strong>C.</strong></span> <span class='ocrx_word' id='word_1_20' title='bbox 1446 1082 1450 1087; x_wconf 89' lang='lat'><strong>.</strong></span> <span class='ocrx_word' id='word_1_21' title='bbox 1485 1032 1664 1095; x_wconf 87' lang='lat' dir='ltr'><strong>IMP.</strong></span> <span class='ocrx_word' id='word_1_22' title='bbox 1704 1029 1773 1091; x_wconf 88' lang='lat' dir='ltr'><strong>C.</strong></span> <span class='ocrx_word' id='word_1_23' title='bbox 1801 1029 1893 1088; x_wconf 88' lang='lat' dir='ltr'><strong>M.</strong></span> <span class='ocrx_word' id='word_1_24' title='bbox 1928 1024 2124 1085; x_wconf 85' lang='lat' dir='ltr'><strong>ANT.</strong></span> <span class='ocrx_word' id='word_1_25' title='bbox 2161 1015 2695 1083; x_wconf 83' lang='lat' dir='ltr'><strong>GORDIANVS.</strong></span> 
     </span>
     <span class='ocr_line' id='line_1_6' title="bbox 1496 1102 2698 1207; baseline -0.012 -12"><span class='ocrx_word' id='word_1_26' title='bbox 1496 1132 1692 1200; x_wconf 86' lang='lat' dir='ltr'><strong>AVG.</strong></span> <span class='ocrx_word' id='word_1_27' title='bbox 1715 1133 1913 1207; x_wconf 80' lang='lat' dir='ltr'><strong>Caput</strong></span> <span class='ocrx_word' id='word_1_28' title='bbox 1929 1128 2306 1197; x_wconf 79' lang='lat' dir='ltr'><strong>laureatum,</strong></span> <span class='ocrx_word' id='word_1_29' title='bbox 2338 1123 2407 1181; x_wconf 80' lang='lat' dir='ltr'><strong>in</strong></span> <span class='ocrx_word' id='word_1_30' title='bbox 2430 1102 2698 1195; x_wconf 53' lang='lat' dir='ltr'><strong>Quinarss.</strong></span> 
     </span>
    </p>
   </div>
   <div class='ocr_carea' id='block_1_3' title="bbox 1780 1261 2149 1346">
    <p class='ocr_par' dir='ltr' id='par_1_4' title="bbox 1780 1261 2149 1346">
     <span class='ocr_line' id='line_1_7' title="bbox 1780 1261 2149 1346; baseline -0.011 0"><span class='ocrx_word' id='word_1_31' title='bbox 1780 1307 1819 1346; x_wconf 54' lang='lat' dir='ltr'>st</span> <span class='ocrx_word' id='word_1_32' title='bbox 1943 1261 1982 1300; x_wconf 62' lang='lat'><strong>·</strong></span> <span class='ocrx_word' id='word_1_33' title='bbox 2109 1302 2149 1342; x_wconf 59' lang='grc' dir='ltr'>ὓ</span> 
     </span>
    </p>
   </div>
   <div class='ocr_carea' id='block_1_4' title="bbox 1501 1406 1827 1470">
    <p class='ocr_par' dir='ltr' id='par_1_5' title="bbox 1501 1406 1827 1470">
     <span class='ocr_line' id='line_1_8' title="bbox 1501 1406 1827 1470; baseline -0.006 -3"><span class='ocrx_word' id='word_1_34' title='bbox 1501 1410 1583 1470; x_wconf 85' lang='lat' dir='ltr'><strong>Vt</strong></span> <span class='ocrx_word' id='word_1_35' title='bbox 1623 1409 1718 1468; x_wconf 83' lang='lat' dir='ltr'><strong>lit.</strong></span> <span class='ocrx_word' id='word_1_36' title='bbox 1751 1406 1827 1465; x_wconf 86' lang='lat' dir='ltr'><strong>B.</strong></span> 
     </span>
    </p>
   </div>
   <div class='ocr_carea' id='block_1_5' title="bbox 1215 1516 2707 2013">
    <p class='ocr_par' dir='ltr' id='par_1_6' title="bbox 1215 1516 2707 2013">
     <span class='ocr_line' id='line_1_9' title="bbox 1215 1516 2702 1595; baseline -0.013 0"><span class='ocrx_word' id='word_1_37' title='bbox 1215 1523 1822 1595; x_wconf 80' lang='lat' dir='ltr'><strong>LIBERALITAS.</strong></span> <span class='ocrx_word' id='word_1_38' title='bbox 1856 1516 2061 1589; x_wconf 84' lang='lat' dir='ltr'><strong>AVG.</strong></span> <span class='ocrx_word' id='word_1_39' title='bbox 2102 1518 2495 1581; x_wconf 69' lang='lat' dir='ltr'><em>Liberalitas</em></span> <span class='ocrx_word' id='word_1_40' title='bbox 2523 1524 2702 1577; x_wconf 79' lang='lat' dir='ltr'><strong>stans</strong></span> 
     </span>
     <span class='ocr_line' id='line_1_10' title="bbox 1217 1616 2658 1712; baseline -0.011 -18"><span class='ocrx_word' id='word_1_41' title='bbox 1217 1638 1275 1694; x_wconf 84' lang='lat' dir='ltr'><strong>el.</strong></span> <span class='ocrx_word' id='word_1_42' title='bbox 1306 1635 1578 1712; x_wconf 80' lang='lat' dir='ltr'><em>pileum,</em></span> <span class='ocrx_word' id='word_1_43' title='bbox 1622 1648 1672 1687; x_wconf 75' lang='lat' dir='ltr'><strong>a.</strong></span> <span class='ocrx_word' id='word_1_44' title='bbox 1709 1628 1981 1686; x_wconf 73' lang='lat' dir='ltr'><strong>hastam.</strong></span> <span class='ocrx_word' id='word_1_45' title='bbox 2027 1623 2165 1683; x_wconf 81' lang='lat' dir='ltr'><strong>AR.</strong></span> <span class='ocrx_word' id='word_1_46' title='bbox 2204 1623 2404 1699; x_wconf 89' lang='lat' dir='ltr'><strong>(Mus.</strong></span> <span class='ocrx_word' id='word_1_47' title='bbox 2440 1616 2658 1693; x_wconf 81' lang='lat' dir='ltr'><strong>Caes.)</strong></span> 
     </span>
     <span class='ocr_line' id='line_1_11' title="bbox 1343 1717 2703 1798; baseline -0.008 -8"><span class='ocrx_word' id='word_1_48' title='bbox 1343 1728 1635 1792; x_wconf 81' lang='lat' dir='ltr'><strong>Dubium</strong></span> <span class='ocrx_word' id='word_1_49' title='bbox 1660 1746 1794 1787; x_wconf 89' lang='lat' dir='ltr'><strong>non</strong></span> <span class='ocrx_word' id='word_1_50' title='bbox 1835 1738 1974 1798; x_wconf 86' lang='lat' dir='ltr'><strong>est,</strong></span> <span class='ocrx_word' id='word_1_51' title='bbox 2019 1719 2319 1784; x_wconf 84' lang='lat' dir='ltr'><strong>exhiberi</strong></span> <span class='ocrx_word' id='word_1_52' title='bbox 2346 1717 2703 1779; x_wconf 76' lang='lat' dir='ltr'><strong>liberalita-</strong></span> 
     </span>
     <span class='ocr_line' id='line_1_12' title="bbox 1222 1812 2702 1912; baseline -0.014 -14"><span class='ocrx_word' id='word_1_53' title='bbox 1222 1849 1355 1898; x_wconf 87' lang='lat' dir='ltr'><strong>tem</strong></span> <span class='ocrx_word' id='word_1_54' title='bbox 1402 1831 1560 1895; x_wconf 83' lang='lat' dir='ltr'><strong>aditi</strong></span> <span class='ocrx_word' id='word_1_55' title='bbox 1593 1826 1854 1912; x_wconf 85' lang='lat' dir='ltr'><strong>imperii</strong></span> <span class='ocrx_word' id='word_1_56' title='bbox 1899 1844 2088 1886; x_wconf 85' lang='lat' dir='ltr'><strong>causa</strong></span> <span class='ocrx_word' id='word_1_57' title='bbox 2125 1812 2702 1903; x_wconf 62' lang='lat' dir='ltr'><strong>repraesentatam.</strong></span> 
     </span>
     <span class='ocr_line' id='line_1_13' title="bbox 1220 1919 2707 2013; baseline -0.013 -15"><span class='ocrx_word' id='word_1_58' title='bbox 1220 1943 1303 1998; x_wconf 72' lang='lat' dir='ltr'><strong>At</strong></span> <span class='ocrx_word' id='word_1_59' title='bbox 1338 1956 1454 1997; x_wconf 76' lang='lat' dir='ltr'><strong>cui·</strong></span> <span class='ocrx_word' id='word_1_60' title='bbox 1485 1929 1826 2013; x_wconf 79' lang='lat' dir='ltr'><strong>inscriptio</strong></span> <span class='ocrx_word' id='word_1_61' title='bbox 1856 1923 2320 1986; x_wconf 77' lang='lat' dir='ltr'><strong>liberalitatem</strong></span> <span class='ocrx_word' id='word_1_62' title='bbox 2343 1965 2360 1998; x_wconf 90' lang='lat'><strong>,</strong></span> <span class='ocrx_word' id='word_1_63' title='bbox 2408 1935 2600 2003; x_wconf 77' lang='lat' dir='ltr'><strong>typus,</strong></span> <span class='ocrx_word' id='word_1_64' title='bbox 2626 1919 2707 1980; x_wconf 90' lang='lat' dir='ltr'><strong>li·</strong></span> 
     </span>
    </p>
   </div>
   <div class='ocr_carea' id='block_1_6' title="bbox 1132 2021 2715 2099">
    <p class='ocr_par' dir='ltr' id='par_1_7' title="bbox 1132 2021 2715 2099">
     <span class='ocr_line' id='line_1_14' title="bbox 1132 2021 2715 2099; baseline -0.013 3"><span class='ocrx_word' id='word_1_65' title='bbox 1132 2066 1137 2073; x_wconf 94' lang='lat'>·</span> <span class='ocrx_word' id='word_1_66' title='bbox 1224 2037 1549 2099; x_wconf 77' lang='lat' dir='ltr'><strong>bertatem</strong></span> <span class='ocrx_word' id='word_1_67' title='bbox 1587 2029 1789 2092; x_wconf 63' lang='lat' dir='ltr'><strong>sistit?</strong></span> <span class='ocrx_word' id='word_1_68' title='bbox 1836 2048 1913 2088; x_wconf 88' lang='lat' dir='ltr'><strong>an</strong></span> <span class='ocrx_word' id='word_1_69' title='bbox 1946 2024 2013 2086; x_wconf 84' lang='lat' dir='ltr'><strong>id</strong></span> <span class='ocrx_word' id='word_1_70' title='bbox 2039 2021 2282 2085; x_wconf 85' lang='lat' dir='ltr'><strong>factum</strong></span> <span class='ocrx_word' id='word_1_71' title='bbox 2302 2021 2462 2085; x_wconf 81' lang='lat' dir='ltr'><strong>vitio</strong></span> <span class='ocrx_word' id='word_1_72' title='bbox 2491 2039 2715 2084; x_wconf 88' lang='lat' dir='ltr'><strong>mone-</strong></span> 
     </span>
    </p>
   </div>
   <div class='ocr_carea' id='block_1_7' title="bbox 1223 2120 2716 2409">
    <p class='ocr_par' dir='ltr' id='par_1_8' title="bbox 1223 2120 2716 2409">
     <span class='ocr_line' id='line_1_15' title="bbox 1224 2120 2716 2219; baseline -0.017 -17"><span class='ocrx_word' id='word_1_73' title='bbox 1224 2136 1424 2202; x_wconf 77' lang='lat' dir='ltr'><strong>tarii?</strong></span> <span class='ocrx_word' id='word_1_74' title='bbox 1467 2139 1717 2219; x_wconf 71' lang='lat' dir='ltr'><strong>Numps</strong></span> <span class='ocrx_word' id='word_1_75' title='bbox 1755 2128 2137 2191; x_wconf 83' lang='lat' dir='ltr'><strong>subaeratus</strong></span> <span class='ocrx_word' id='word_1_76' title='bbox 2176 2144 2306 2185; x_wconf 85' lang='lat' dir='ltr'><strong>non</strong></span> <span class='ocrx_word' id='word_1_77' title='bbox 2360 2136 2495 2199; x_wconf 86' lang='lat' dir='ltr'><strong>est,</strong></span> <span class='ocrx_word' id='word_1_78' title='bbox 2544 2120 2716 2205; x_wconf 81' lang='lat' dir='ltr'><strong>ejus-</strong></span> 
     </span>
     <span class='ocr_line' id='line_1_16' title="bbox 1223 2224 2716 2325; baseline -0.011 -23"><span class='ocrx_word' id='word_1_79' title='bbox 1223 2259 1353 2325; x_wconf 85' lang='lat' dir='ltr'><strong>que</strong></span> <span class='ocrx_word' id='word_1_80' title='bbox 1389 2238 1631 2319; x_wconf 82' lang='lat' dir='ltr'><strong>duplex</strong></span> <span class='ocrx_word' id='word_1_81' title='bbox 1682 2229 2020 2312; x_wconf 84' lang='lat' dir='ltr'><strong>exemplar</strong></span> <span class='ocrx_word' id='word_1_82' title='bbox 2066 2224 2568 2310; x_wconf 81' lang='lat' dir='ltr'><strong>integerrimum</strong></span> <span class='ocrx_word' id='word_1_83' title='bbox 2614 2236 2716 2287; x_wconf 84' lang='lat' dir='ltr'><strong>est</strong></span> 
     </span>
     <span class='ocr_line' id='line_1_17' title="bbox 1227 2337 1945 2409; baseline -0.014 -7"><span class='ocrx_word' id='word_1_84' title='bbox 1227 2345 1556 2409; x_wconf 55' lang='lat' dir='ltr'><strong>insmuseo</strong></span> <span class='ocrx_word' id='word_1_85' title='bbox 1601 2337 1945 2398; x_wconf 79' lang='lat' dir='ltr'><strong>Caesareo.</strong></span> 
     </span>
    </p>
   </div>
   <div class='ocr_carea' id='block_1_8' title="bbox 1223 2474 2720 2748">
    <p class='ocr_par' dir='ltr' id='par_1_9' title="bbox 1223 2474 2720 2748">
     <span class='ocr_line' id='line_1_18' title="bbox 1518 2474 1853 2535; baseline -0.021 1"><span class='ocrx_word' id='word_1_86' title='bbox 1518 2478 1600 2535; x_wconf 85' lang='lat' dir='ltr'><strong>Vt</strong></span> <span class='ocrx_word' id='word_1_87' title='bbox 1640 2475 1743 2534; x_wconf 77' lang='lat' dir='ltr'><strong>lit.</strong></span> <span class='ocrx_word' id='word_1_88' title='bbox 1781 2474 1853 2530; x_wconf 88' lang='lat' dir='ltr'><strong>B.</strong></span> 
     </span>
     <span class='ocr_line' id='line_1_19' title="bbox 1223 2569 2720 2642; baseline -0.01 0"><span class='ocrx_word' id='word_1_89' title='bbox 1223 2583 1299 2642; x_wconf 91' lang='lat' dir='ltr'><strong>P.</strong></span> <span class='ocrx_word' id='word_1_90' title='bbox 1336 2579 1426 2639; x_wconf 83' lang='lat' dir='ltr'><strong>M.</strong></span> <span class='ocrx_word' id='word_1_91' title='bbox 1467 2577 1639 2637; x_wconf 80' lang='lat' dir='ltr'><strong>Tm.</strong></span> <span class='ocrx_word' id='word_1_92' title='bbox 1681 2576 1760 2634; x_wconf 89' lang='lat' dir='ltr'><strong>P.</strong></span> <span class='ocrx_word' id='word_1_93' title='bbox 1794 2570 2086 2634; x_wconf 88' lang='lat' dir='ltr'><strong>CON.P.</strong></span> <span class='ocrx_word' id='word_1_94' title='bbox 2118 2569 2192 2631; x_wconf 89' lang='grc' dir='ltr'><strong>Ρ.</strong></span> <span class='ocrx_word' id='word_1_95' title='bbox 2228 2570 2584 2642; x_wconf 79' lang='lat' dir='ltr'><strong>Imperator</strong></span> <span class='ocrx_word' id='word_1_96' title='bbox 2615 2585 2720 2627; x_wconf 79' lang='lat' dir='ltr'><strong>ve-</strong></span> 
     </span>
     <span class='ocr_line' id='line_1_20' title="bbox 1227 2669 2719 2748; baseline -0.013 -3"><span class='ocrx_word' id='word_1_97' title='bbox 1227 2685 1399 2745; x_wconf 80' lang='lat' dir='ltr'><strong>latus</strong></span> <span class='ocrx_word' id='word_1_98' title='bbox 1437 2689 1618 2739; x_wconf 80' lang='lat' dir='ltr'><strong>stans</strong></span> <span class='ocrx_word' id='word_1_99' title='bbox 1647 2685 1798 2736; x_wconf 82' lang='lat' dir='ltr'><strong>ante</strong></span> <span class='ocrx_word' id='word_1_100' title='bbox 1829 2693 2010 2733; x_wconf 86' lang='lat' dir='ltr'><strong>aram</strong></span> <span class='ocrx_word' id='word_1_101' title='bbox 2046 2672 2106 2730; x_wconf 86' lang='lat' dir='ltr'><strong>d.</strong></span> <span class='ocrx_word' id='word_1_102' title='bbox 2135 2680 2464 2748; x_wconf 79' lang='lat' dir='ltr'><strong>pateram,</strong></span> <span class='ocrx_word' id='word_1_103' title='bbox 2508 2687 2562 2728; x_wconf 74' lang='lat' dir='ltr'><strong>a.</strong></span> <span class='ocrx_word' id='word_1_104' title='bbox 2597 2669 2719 2727; x_wconf 74' lang='lat' dir='ltr'><strong>sci-</strong></span> 
     </span>
    </p>
   </div>
   <div class='ocr_carea' id='block_1_9' title="bbox 1218 2774 2723 2962">
    <p class='ocr_par' dir='ltr' id='par_1_10' title="bbox 1218 2774 2723 2962">
     <span class='ocr_line' id='line_1_21' title="bbox 1218 2774 2180 2864; baseline -0.018 -18"><span class='ocrx_word' id='word_1_105' title='bbox 1218 2789 1497 2864; x_wconf 81' lang='lat' dir='ltr'><strong>pionem.</strong></span> <span class='ocrx_word' id='word_1_106' title='bbox 1527 2776 1684 2841; x_wconf 80' lang='lat' dir='ltr'><strong>AR.</strong></span> <span class='ocrx_word' id='word_1_107' title='bbox 1722 2778 1922 2856; x_wconf 83' lang='lat' dir='ltr'><strong>(Mus.</strong></span> <span class='ocrx_word' id='word_1_108' title='bbox 1964 2774 2180 2851; x_wconf 74' lang='grc'><strong>0863.)</strong></span> 
     </span>
     <span class='ocr_line' id='line_1_22' title="bbox 1355 2865 2723 2962; baseline -0.011 -18"><span class='ocrx_word' id='word_1_109' title='bbox 1355 2885 1459 2943; x_wconf 90' lang='lat' dir='ltr'><strong>De</strong></span> <span class='ocrx_word' id='word_1_110' title='bbox 1493 2877 1810 2962; x_wconf 79' lang='lat' dir='ltr'>singulari</span> <span class='ocrx_word' id='word_1_111' title='bbox 1841 2877 1969 2937; x_wconf 89' lang='lat' dir='ltr'><strong>hoc</strong></span> <span class='ocrx_word' id='word_1_112' title='bbox 2003 2890 2205 2934; x_wconf 87' lang='lat' dir='ltr'><strong>numo</strong></span> <span class='ocrx_word' id='word_1_113' title='bbox 2235 2881 2470 2954; x_wconf 81' lang='lat' dir='ltr'><strong>agetur</strong></span> <span class='ocrx_word' id='word_1_114' title='bbox 2492 2865 2561 2932; x_wconf 85' lang='lat' dir='ltr'><strong>in</strong></span> <span class='ocrx_word' id='word_1_115' title='bbox 2595 2879 2723 2930; x_wconf 84' lang='lat' dir='ltr'><strong>tra-</strong></span> 
     </span>
    </p>
   </div>
   <div class='ocr_carea' id='block_1_10' title="bbox 1146 2981 2101 3062">
    <p class='ocr_par' dir='ltr' id='par_1_11' title="bbox 1146 2981 2101 3062">
     <span class='ocr_line' id='line_1_23' title="bbox 1146 2981 2101 3062; baseline -0.015 -11"><span class='ocrx_word' id='word_1_116' title='bbox 1146 3057 1149 3060; x_wconf 51' lang='grc'>,</span> <span class='ocrx_word' id='word_1_117' title='bbox 1237 2998 1414 3052; x_wconf 83' lang='lat' dir='ltr'><strong>ctatu</strong></span> <span class='ocrx_word' id='word_1_118' title='bbox 1455 2982 1537 3045; x_wconf 83' lang='lat' dir='ltr'><strong>de</strong></span> <span class='ocrx_word' id='word_1_119' title='bbox 1570 2981 1721 3044; x_wconf 79' lang='lat' dir='ltr'><strong>trib.</strong></span> <span class='ocrx_word' id='word_1_120' title='bbox 1754 2989 2101 3062; x_wconf 72' lang='lat' dir='ltr'><strong>potestate.</strong></span> 
     </span>
    </p>
   </div>
   <div class='ocr_carea' id='block_1_11' title="bbox 1232 3135 2724 3309">
    <p class='ocr_par' dir='ltr' id='par_1_12' title="bbox 1232 3135 2724 3309">
     <span class='ocr_line' id='line_1_24' title="bbox 1232 3135 2724 3309; baseline -0.014 -2"><span class='ocrx_word' id='word_1_121' title='bbox 1232 3143 1529 3309; x_wconf 53' lang='lat' dir='ltr'><strong>vorgt.</strong></span> <span class='ocrx_word' id='word_1_122' title='bbox 1564 3135 2293 3298; x_wconf 41' lang='lat' dir='ltr'><strong>thzENNALIBVS.</strong></span> <span class='ocrx_word' id='word_1_123' title='bbox 2353 3197 2532 3290; x_wconf 64' lang='lat' dir='ltr'><strong>smmi</strong></span> <span class='ocrx_word' id='word_1_124' title='bbox 2585 3227 2724 3288; x_wconf 75' lang='grc' dir='ltr'><strong>ια..-</strong></span> 
     </span>
    </p>
   </div>
   <div class='ocr_carea' id='block_1_12' title="bbox 1232 3330 2724 3519">
    <p class='ocr_par' dir='ltr' id='par_1_13' title="bbox 1232 3330 2724 3519">
     <span class='ocr_line' id='line_1_25' title="bbox 1232 3330 2724 3410; baseline -0.011 -3"><span class='ocrx_word' id='word_1_125' title='bbox 1232 3366 1428 3407; x_wconf 86' lang='lat' dir='ltr'><strong>ream.</strong></span> <span class='ocrx_word' id='word_1_126' title='bbox 1475 3342 1613 3402; x_wconf 82' lang='lat' dir='ltr'><strong>AR.</strong></span> <span class='ocrx_word' id='word_1_127' title='bbox 1663 3348 1728 3399; x_wconf 86' lang='lat' dir='ltr'><strong>et</strong></span> <span class='ocrx_word' id='word_1_128' title='bbox 1761 3339 1982 3398; x_wconf 83' lang='lat' dir='ltr'><strong>addito</strong></span> <span class='ocrx_word' id='word_1_129' title='bbox 2036 3335 2104 3394; x_wconf 99' lang='grc'><strong>8.</strong></span> <span class='ocrx_word' id='word_1_130' title='bbox 2138 3334 2209 3395; x_wconf 92' lang='lat' dir='ltr'><strong>C.</strong></span> <span class='ocrx_word' id='word_1_131' title='bbox 2238 3332 2378 3395; x_wconf 81' lang='grc' dir='ltr'><strong>ΑΕ.</strong></span> <span class='ocrx_word' id='word_1_132' title='bbox 2417 3332 2469 3394; x_wconf 88' lang='lat'><strong>1.</strong></span> <span class='ocrx_word' id='word_1_133' title='bbox 2524 3330 2724 3410; x_wconf 74' lang='lat' dir='ltr'><strong>(Mus-</strong></span> 
     </span>
     <span class='ocr_line' id='line_1_26' title="bbox 1242 3445 1923 3519; baseline -0.018 -11"><span class='ocrx_word' id='word_1_134' title='bbox 1242 3446 1460 3519; x_wconf 84' lang='lat' dir='ltr'><strong>Caes.)</strong></span> <span class='ocrx_word' id='word_1_135' title='bbox 1922 3445 1923 3450; x_wconf 77' lang='grc'>’</span> 
     </span>
    </p>
   </div>
   <div class='ocr_carea' id='block_1_13' title="bbox 1221 3550 2741 4866">
    <p class='ocr_par' dir='ltr' id='par_1_14' title="bbox 1221 3550 2731 3848">
     <span class='ocr_line' id='line_1_27' title="bbox 1364 3550 2730 3644; baseline -0.014 -17"><span class='ocrx_word' id='word_1_136' title='bbox 1364 3567 1616 3627; x_wconf 86' lang='lat' dir='ltr'><strong>Numus</strong></span> <span class='ocrx_word' id='word_1_137' title='bbox 1649 3554 2108 3644; x_wconf 84' lang='lat' dir='ltr'><strong>memorandus</strong></span> <span class='ocrx_word' id='word_1_138' title='bbox 2128 3550 2490 3632; x_wconf 45' lang='lat' dir='ltr'><strong>„videbatur</strong></span> <span class='ocrx_word' id='word_1_139' title='bbox 2532 3569 2730 3632; x_wconf 79' lang='lat' dir='ltr'><strong>prop·</strong></span> 
     </span>
     <span class='ocr_line' id='line_1_28' title="bbox 1240 3639 2731 3735; baseline -0.015 -3"><span class='ocrx_word' id='word_1_140' title='bbox 1240 3683 1347 3732; x_wconf 82' lang='lat' dir='ltr'><strong>ter</strong></span> <span class='ocrx_word' id='word_1_141' title='bbox 1386 3679 1539 3729; x_wconf 78' lang='lat' dir='ltr'><strong>vota</strong></span> <span class='ocrx_word' id='word_1_142' title='bbox 1570 3659 1948 3722; x_wconf 77' lang='lat' dir='ltr'><strong>decennalia</strong></span> <span class='ocrx_word' id='word_1_143' title='bbox 1976 3675 2125 3717; x_wconf 86' lang='lat' dir='ltr'><strong>mox</strong></span> <span class='ocrx_word' id='word_1_144' title='bbox 2160 3653 2239 3715; x_wconf 88' lang='lat' dir='ltr'><strong>ab</strong></span> <span class='ocrx_word' id='word_1_145' title='bbox 2260 3639 2439 3715; x_wconf 78' lang='lat' dir='ltr'><strong>aditu</strong></span> <span class='ocrx_word' id='word_1_146' title='bbox 2466 3647 2731 3735; x_wconf 84' lang='lat' dir='ltr'><strong>imperii</strong></span> 
     </span>
     <span class='ocr_line' id='line_1_29' title="bbox 1221 3779 1585 3848; baseline -0.022 -15"><span class='ocrx_word' id='word_1_147' title='bbox 1221 3779 1585 3848; x_wconf 73' lang='lat' dir='ltr'><strong>concepta.</strong></span> 
     </span>
    </p>

    <p class='ocr_par' dir='ltr' id='par_1_15' title="bbox 1242 3840 2733 4047">
     <span class='ocr_line' id='line_1_30' title="bbox 1369 3840 2733 3945; baseline -0.012 -16"><span class='ocrx_word' id='word_1_148' title='bbox 1369 3866 1567 3930; x_wconf 89' lang='lat' dir='ltr'><strong>Numi</strong></span> <span class='ocrx_word' id='word_1_149' title='bbox 1599 3860 1838 3945; x_wconf 83' lang='lat' dir='ltr'><strong>reliqui</strong></span> <span class='ocrx_word' id='word_1_150' title='bbox 1874 3856 2084 3921; x_wconf 80' lang='lat' dir='ltr'><strong>obviis</strong></span> <span class='ocrx_word' id='word_1_151' title='bbox 2133 3854 2338 3937; x_wconf 76' lang='lat' dir='ltr'><strong>typis:</strong></span> <span class='ocrx_word' id='word_1_152' title='bbox 2384 3840 2733 3915; x_wconf 79' lang='lat' dir='ltr'><em>Abundan-</em></span> 
     </span>
     <span class='ocr_line' id='line_1_31' title="bbox 1242 3960 2444 4047; baseline -0.017 -12"><span class='ocrx_word' id='word_1_153' title='bbox 1242 3975 1374 4047; x_wconf 85' lang='lat' dir='ltr'><strong>tia,</strong></span> <span class='ocrx_word' id='word_1_154' title='bbox 1421 3973 1596 4042; x_wconf 71' lang='lat' dir='ltr'><strong>Pax,</strong></span> <span class='ocrx_word' id='word_1_155' title='bbox 1648 3966 1968 4033; x_wconf 78' lang='lat' dir='ltr'><strong>Victoria,</strong></span> <span class='ocrx_word' id='word_1_156' title='bbox 2021 3962 2238 4019; x_wconf 67' lang='lat' dir='ltr'><strong>Virtus</strong></span> <span class='ocrx_word' id='word_1_157' title='bbox 2274 3960 2444 4037; x_wconf 74' lang='lat' dir='ltr'><strong>Auq.</strong></span> 
     </span>
    </p>

    <p class='ocr_par' dir='ltr' id='par_1_16' title="bbox 1246 4056 2741 4866">
     <span class='ocr_line' id='line_1_32' title="bbox 1366 4056 2732 4140; baseline -0.012 -9"><span class='ocrx_word' id='word_1_158' title='bbox 1366 4066 1760 4139; x_wconf 84' lang='lat' dir='ltr'><strong>Notandum,</strong></span> <span class='ocrx_word' id='word_1_159' title='bbox 1795 4058 2083 4123; x_wconf 83' lang='lat' dir='ltr'><strong>nondum</strong></span> <span class='ocrx_word' id='word_1_160' title='bbox 2102 4056 2264 4120; x_wconf 85' lang='lat' dir='ltr'><strong>mibi</strong></span> <span class='ocrx_word' id='word_1_161' title='bbox 2302 4067 2732 4140; x_wconf 85' lang='lat' dir='ltr'><strong>conspectum</strong></span> 
     </span>
     <span class='ocr_line' id='line_1_33' title="bbox 1246 4158 2732 4243; baseline -0.009 -10"><span class='ocrx_word' id='word_1_162' title='bbox 1246 4170 1565 4234; x_wconf 63' lang='lat' dir='ltr'><strong>Gordiani</strong></span> <span class='ocrx_word' id='word_1_163' title='bbox 1611 4187 1879 4229; x_wconf 87' lang='lat' dir='ltr'><strong>numum</strong></span> <span class='ocrx_word' id='word_1_164' title='bbox 1915 4183 2064 4225; x_wconf 88' lang='lat' dir='ltr'><strong>cum</strong></span> <span class='ocrx_word' id='word_1_165' title='bbox 2111 4159 2410 4243; x_wconf 78' lang='lat' dir='ltr'><strong>simplice</strong></span> <span class='ocrx_word' id='word_1_166' title='bbox 2449 4158 2586 4219; x_wconf 73' lang='lat' dir='ltr'><strong>TR.</strong></span> <span class='ocrx_word' id='word_1_167' title='bbox 2621 4158 2732 4234; x_wconf 65' lang='lat'><strong>1²„</strong></span> 
     </span>
     <span class='ocr_line' id='line_1_34' title="bbox 1252 4247 2738 4354; baseline -0.012 -18"><span class='ocrx_word' id='word_1_168' title='bbox 1252 4272 1378 4336; x_wconf 83' lang='lat' dir='ltr'><strong>etsi</strong></span> <span class='ocrx_word' id='word_1_169' title='bbox 1411 4266 1849 4354; x_wconf 74' lang='lat' dir='ltr'><strong>copiosissimi</strong></span> <span class='ocrx_word' id='word_1_170' title='bbox 1886 4247 2165 4338; x_wconf 79' lang='lat' dir='ltr'><strong>exstent,</strong></span> <span class='ocrx_word' id='word_1_171' title='bbox 2201 4261 2313 4345; x_wconf 87' lang='lat' dir='ltr'><strong>qui</strong></span> <span class='ocrx_word' id='word_1_172' title='bbox 2334 4278 2738 4342; x_wconf 86' lang='lat' dir='ltr'><strong>consequen-</strong></span> 
     </span>
     <span class='ocr_line' id='line_1_35' title="bbox 1249 4360 2739 4448; baseline -0.013 -11"><span class='ocrx_word' id='word_1_173' title='bbox 1249 4389 1350 4438; x_wconf 79' lang='lat' dir='ltr'><strong>tes</strong></span> <span class='ocrx_word' id='word_1_174' title='bbox 1401 4372 1768 4435; x_wconf 81' lang='lat' dir='ltr'><strong>tribunatus</strong></span> <span class='ocrx_word' id='word_1_175' title='bbox 1811 4367 2161 4448; x_wconf 84' lang='lat' dir='ltr'><strong>inscriptos</strong></span> <span class='ocrx_word' id='word_1_176' title='bbox 2206 4360 2517 4424; x_wconf 80' lang='lat' dir='ltr'><strong>offerunt.</strong></span> <span class='ocrx_word' id='word_1_177' title='bbox 2603 4361 2739 4419; x_wconf 86' lang='lat' dir='ltr'><strong>Nu-</strong></span> 
     </span>
     <span class='ocr_line' id='line_1_36' title="bbox 1250 4457 2736 4557; baseline -0.012 -19"><span class='ocrx_word' id='word_1_178' title='bbox 1250 4496 1396 4537; x_wconf 82' lang='lat' dir='ltr'><strong>mus</strong></span> <span class='ocrx_word' id='word_1_179' title='bbox 1435 4472 1699 4557; x_wconf 86' lang='lat' dir='ltr'><strong>quidem</strong></span> <span class='ocrx_word' id='word_1_180' title='bbox 1741 4470 1890 4532; x_wconf 89' lang='lat' dir='ltr'><strong>loco</strong></span> <span class='ocrx_word' id='word_1_181' title='bbox 1932 4469 2010 4527; x_wconf 91' lang='lat'><strong>11.</strong></span> <span class='ocrx_word' id='word_1_182' title='bbox 2054 4462 2423 4545; x_wconf 78' lang='lat' dir='ltr'><strong>descriptus</strong></span> <span class='ocrx_word' id='word_1_183' title='bbox 2461 4460 2630 4522; x_wconf 81' lang='lat' dir='ltr'><strong>Tm.</strong></span> <span class='ocrx_word' id='word_1_184' title='bbox 2659 4457 2736 4520; x_wconf 92' lang='lat' dir='ltr'><strong>P.</strong></span> 
     </span>
     <span class='ocr_line' id='line_1_37' title="bbox 1253 4559 2741 4659; baseline -0.015 -18"><span class='ocrx_word' id='word_1_185' title='bbox 1253 4575 1627 4659; x_wconf 82' lang='lat' dir='ltr'><strong>eloquitur,</strong></span> <span class='ocrx_word' id='word_1_186' title='bbox 1686 4570 1802 4633; x_wconf 81' lang='lat' dir='ltr'><strong>sed</strong></span> <span class='ocrx_word' id='word_1_187' title='bbox 1851 4567 2085 4641; x_wconf 81' lang='lat' dir='ltr'><strong>dubia,</strong></span> <span class='ocrx_word' id='word_1_188' title='bbox 2145 4581 2310 4650; x_wconf 87' lang='lat' dir='ltr'><strong>quae</strong></span> <span class='ocrx_word' id='word_1_189' title='bbox 2360 4559 2548 4621; x_wconf 90' lang='lat' dir='ltr'><strong>illum</strong></span> <span class='ocrx_word' id='word_1_190' title='bbox 2590 4577 2741 4642; x_wconf 80' lang='lat' dir='ltr'><strong>pre-</strong></span> 
     </span>
     <span class='ocr_line' id='line_1_38' title="bbox 1255 4653 2739 4752; baseline -0.014 -12"><span class='ocrx_word' id='word_1_191' title='bbox 1255 4691 1440 4741; x_wconf 79' lang='lat' dir='ltr'><strong>munt</strong></span> <span class='ocrx_word' id='word_1_192' title='bbox 1460 4718 1478 4752; x_wconf 86' lang='lat'><strong>,</strong></span> <span class='ocrx_word' id='word_1_193' title='bbox 1522 4673 1591 4735; x_wconf 87' lang='lat' dir='ltr'><strong>in</strong></span> <span class='ocrx_word' id='word_1_194' title='bbox 1627 4683 1903 4734; x_wconf 73' lang='lat' dir='ltr'><strong>tmctatu</strong></span> <span class='ocrx_word' id='word_1_195' title='bbox 1932 4667 2018 4742; x_wconf 83' lang='lat' dir='ltr'><strong>de</strong></span> <span class='ocrx_word' id='word_1_196' title='bbox 2049 4665 2198 4728; x_wconf 85' lang='lat' dir='ltr'><strong>trib.</strong></span> <span class='ocrx_word' id='word_1_197' title='bbox 2231 4653 2556 4748; x_wconf 73' lang='lat' dir='ltr'><strong>potestate</strong></span> <span class='ocrx_word' id='word_1_198' title='bbox 2585 4679 2739 4744; x_wconf 80' lang='lat' dir='ltr'><strong>pro-</strong></span> 
     </span>
     <span class='ocr_line' id='line_1_39' title="bbox 1254 4796 1513 4866; baseline -0.008 -27"><span class='ocrx_word' id='word_1_199' title='bbox 1254 4796 1513 4866; x_wconf 81' lang='lat' dir='ltr'><strong>ponam.</strong></span> 
     </span>
    </p>
   </div>
   <div class='ocr_carea' id='block_1_14' title="bbox 2196 469 3213 641">
    <p class='ocr_par' dir='ltr' id='par_1_17' title="bbox 2196 469 3213 641">
     <span class='ocr_line' id='line_1_40' title="bbox 2196 469 3213 641; baseline -0.012 -34"><span class='ocrx_word' id='word_1_200' title='bbox 2196 562 2201 569; x_wconf 86' lang='lat'>-</span> <span class='ocrx_word' id='word_1_201' title='bbox 2314 469 3014 641; x_wconf 71' lang='lat' dir='ltr'><strong>ooRDIAst</strong></span> <span class='ocrx_word' id='word_1_202' title='bbox 3087 524 3213 596; x_wconf 87' lang='lat'><strong>111.</strong></span> 
     </span>
    </p>
   </div>
   <div class='ocr_carea' id='block_1_15' title="bbox 2866 705 4264 991">
    <p class='ocr_par' dir='ltr' id='par_1_18' title="bbox 2866 705 4264 991">
     <span class='ocr_line' id='line_1_41' title="bbox 3193 705 3957 773; baseline -0.001 -5"><span class='ocrx_word' id='word_1_203' title='bbox 3193 709 3263 768; x_wconf 82' lang='lat' dir='ltr'><strong>V.</strong></span> <span class='ocrx_word' id='word_1_204' title='bbox 3305 708 3369 771; x_wconf 84' lang='lat' dir='ltr'><strong>C.</strong></span> <span class='ocrx_word' id='word_1_205' title='bbox 3404 713 3552 772; x_wconf 79' lang='lat'><strong>992.</strong></span> <span class='ocrx_word' id='word_1_206' title='bbox 3589 707 3662 767; x_wconf 83' lang='lat' dir='ltr'><strong>P.</strong></span> <span class='ocrx_word' id='word_1_207' title='bbox 3695 705 3779 768; x_wconf 82' lang='lat' dir='ltr'><strong>X.</strong></span> <span class='ocrx_word' id='word_1_208' title='bbox 3810 712 3957 773; x_wconf 79' lang='lat'><strong>239.</strong></span> 
     </span>
     <span class='ocr_line' id='line_1_42' title="bbox 3019 810 4113 874; baseline 0 -1"><span class='ocrx_word' id='word_1_209' title='bbox 3019 813 3147 873; x_wconf 79' lang='lat' dir='ltr'><strong>TR.</strong></span> <span class='ocrx_word' id='word_1_210' title='bbox 3195 812 3261 872; x_wconf 79' lang='lat'><strong>1².</strong></span> <span class='ocrx_word' id='word_1_211' title='bbox 3307 811 3396 870; x_wconf 90' lang='grc' dir='ltr'><strong>ΙΙ.</strong></span> <span class='ocrx_word' id='word_1_212' title='bbox 3447 810 3621 871; x_wconf 83' lang='lat' dir='ltr'><strong>COS.</strong></span> <span class='ocrx_word' id='word_1_213' title='bbox 3665 811 3738 869; x_wconf 88' lang='lat' dir='ltr'><strong>P.</strong></span> <span class='ocrx_word' id='word_1_214' title='bbox 3785 813 3874 872; x_wconf 87' lang='grc' dir='ltr'><strong>Μ.</strong></span> <span class='ocrx_word' id='word_1_215' title='bbox 3920 811 3993 872; x_wconf 86' lang='grc' dir='ltr'><strong>Ρ.</strong></span> <span class='ocrx_word' id='word_1_216' title='bbox 4037 811 4113 874; x_wconf 82' lang='grc' dir='ltr'><strong>Ρ.</strong></span> 
     </span>
     <span class='ocr_line' id='line_1_43' title="bbox 2866 911 4264 991; baseline -0.003 -15"><span class='ocrx_word' id='word_1_217' title='bbox 2866 914 3196 977; x_wconf 74' lang='lat' dir='ltr'><strong>Gordiano</strong></span> <span class='ocrx_word' id='word_1_218' title='bbox 3240 914 3410 991; x_wconf 68' lang='lat' dir='ltr'><strong>Any.</strong></span> <span class='ocrx_word' id='word_1_219' title='bbox 3458 912 3547 973; x_wconf 84' lang='lat' dir='ltr'><strong>M.</strong></span> <span class='ocrx_word' id='word_1_220' title='bbox 3596 912 3814 973; x_wconf 81' lang='lat' dir='ltr'><strong>Acilio</strong></span> <span class='ocrx_word' id='word_1_221' title='bbox 3854 911 4100 975; x_wconf 80' lang='lat' dir='ltr'><strong>Aviola</strong></span> <span class='ocrx_word' id='word_1_222' title='bbox 4135 930 4264 975; x_wconf 72' lang='lat' dir='ltr'><strong>cos.</strong></span> 
     </span>
    </p>
   </div>
   <div class='ocr_carea' id='block_1_16' title="bbox 2943 1111 4308 1178">
    <p class='ocr_par' dir='ltr' id='par_1_19' title="bbox 2943 1111 4308 1178">
     <span class='ocr_line' id='line_1_44' title="bbox 2943 1111 4308 1178; baseline -0.001 -1"><span class='ocrx_word' id='word_1_223' title='bbox 2943 1113 3121 1177; x_wconf 87' lang='lat' dir='ltr'><strong>Nihil</strong></span> <span class='ocrx_word' id='word_1_224' title='bbox 3160 1112 3330 1178; x_wconf 86' lang='lat' dir='ltr'><strong>certi</strong></span> <span class='ocrx_word' id='word_1_225' title='bbox 3370 1111 3450 1175; x_wconf 83' lang='lat' dir='ltr'><strong>ad</strong></span> <span class='ocrx_word' id='word_1_226' title='bbox 3487 1112 3659 1178; x_wconf 82' lang='lat' dir='ltr'><strong>hunc</strong></span> <span class='ocrx_word' id='word_1_227' title='bbox 3694 1134 3931 1177; x_wconf 85' lang='lat' dir='ltr'><strong>annum</strong></span> <span class='ocrx_word' id='word_1_228' title='bbox 3983 1128 4308 1178; x_wconf 81' lang='lat' dir='ltr'><strong>memorat</strong></span> 
     </span>
    </p>
   </div>
   <div class='ocr_carea' id='block_1_17' title="bbox 2808 1215 3112 1281">
    <p class='ocr_par' dir='ltr' id='par_1_20' title="bbox 2808 1215 3112 1281">
     <span class='ocr_line' id='line_1_45' title="bbox 2808 1215 3112 1281; baseline 0.007 -4"><span class='ocrx_word' id='word_1_229' title='bbox 2808 1215 3112 1281; x_wconf 77' lang='lat' dir='ltr'><strong>historia.</strong></span> 
     </span>
    </p>
   </div>
   <div class='ocr_carea' id='block_1_18' title="bbox 2818 1414 4308 1482">
    <p class='ocr_par' dir='ltr' id='par_1_21' title="bbox 2818 1414 4308 1482">
     <span class='ocr_line' id='line_1_46' title="bbox 2818 1414 4308 1482; baseline -0.003 0"><span class='ocrx_word' id='word_1_230' title='bbox 2818 1422 2894 1482; x_wconf 82' lang='lat' dir='ltr'><strong>A.</strong></span> <span class='ocrx_word' id='word_1_231' title='bbox 3094 1418 3272 1481; x_wconf 84' lang='lat' dir='ltr'><strong>IMP.</strong></span> <span class='ocrx_word' id='word_1_232' title='bbox 3307 1416 3548 1481; x_wconf 86' lang='lat' dir='ltr'><strong>CAES.</strong></span> <span class='ocrx_word' id='word_1_233' title='bbox 3578 1418 3669 1478; x_wconf 88' lang='lat' dir='ltr'><strong>M.</strong></span> <span class='ocrx_word' id='word_1_234' title='bbox 3708 1418 3907 1481; x_wconf 83' lang='lat' dir='ltr'><strong>AN&#39;r.</strong></span> <span class='ocrx_word' id='word_1_235' title='bbox 3937 1414 4308 1481; x_wconf 59' lang='lat' dir='ltr'><strong>GORDIA-</strong></span> 
     </span>
    </p>
   </div>
   <div class='ocr_carea' id='block_1_19' title="bbox 3100 1498 4314 1699">
    <p class='ocr_par' dir='ltr' id='par_1_22' title="bbox 3100 1498 4314 1699">
     <span class='ocr_line' id='line_1_47' title="bbox 3100 1498 4314 1599; baseline -0.003 -14"><span class='ocrx_word' id='word_1_236' title='bbox 3100 1498 3294 1590; x_wconf 67' lang='lat' dir='ltr'><strong>NVS.</strong></span> <span class='ocrx_word' id='word_1_237' title='bbox 3349 1519 3553 1586; x_wconf 80' lang='lat' dir='ltr'><strong>AVG.</strong></span> <span class='ocrx_word' id='word_1_238' title='bbox 3619 1522 3824 1599; x_wconf 81' lang='lat' dir='ltr'><strong>Caput</strong></span> <span class='ocrx_word' id='word_1_239' title='bbox 3869 1523 4193 1582; x_wconf 80' lang='lat' dir='ltr'><strong>radiatum</strong></span> <span class='ocrx_word' id='word_1_240' title='bbox 4241 1522 4314 1581; x_wconf 73' lang='lat' dir='ltr'><strong>in</strong></span> 
     </span>
     <span class='ocr_line' id='line_1_48' title="bbox 3103 1625 4038 1699; baseline -0.005 -14"><span class='ocrx_word' id='word_1_241' title='bbox 3103 1627 3243 1685; x_wconf 73' lang='lat' dir='ltr'><strong>Ale.</strong></span> <span class='ocrx_word' id='word_1_242' title='bbox 3289 1626 3441 1699; x_wconf 84' lang='lat' dir='ltr'><strong>maj.</strong></span> <span class='ocrx_word' id='word_1_243' title='bbox 3487 1625 3652 1683; x_wconf 85' lang='lat' dir='ltr'><strong>mod.</strong></span> <span class='ocrx_word' id='word_1_244' title='bbox 4033 1626 4038 1630; x_wconf 82' lang='grc'><strong>’</strong></span> 
     </span>
    </p>
   </div>
   <div class='ocr_carea' id='block_1_20' title="bbox 2818 1719 4315 1788">
    <p class='ocr_par' dir='ltr' id='par_1_23' title="bbox 2818 1719 4315 1788">
     <span class='ocr_line' id='line_1_49' title="bbox 2818 1719 4315 1788; baseline -0.001 -3"><span class='ocrx_word' id='word_1_245' title='bbox 2818 1722 2898 1785; x_wconf 87' lang='grc' dir='ltr'><strong>Β.</strong></span> <span class='ocrx_word' id='word_1_246' title='bbox 3101 1724 3281 1788; x_wconf 86' lang='grc' dir='ltr'><strong>ῙΜΡ.</strong></span> <span class='ocrx_word' id='word_1_247' title='bbox 3319 1722 3565 1786; x_wconf 83' lang='lat' dir='ltr'><strong>CAES.</strong></span> <span class='ocrx_word' id='word_1_248' title='bbox 3601 1724 3695 1784; x_wconf 87' lang='lat' dir='ltr'><strong>M.</strong></span> <span class='ocrx_word' id='word_1_249' title='bbox 3716 1722 3916 1784; x_wconf 82' lang='lat' dir='ltr'><strong>AN&#39;r.</strong></span> <span class='ocrx_word' id='word_1_250' title='bbox 3940 1719 4315 1785; x_wconf 80' lang='lat' dir='ltr'><strong>GORDIA-</strong></span> 
     </span>
    </p>
   </div>
   <div class='ocr_carea' id='block_1_21' title="bbox 2828 1824 4328 2921">
    <p class='ocr_par' dir='ltr' id='par_1_24' title="bbox 3106 1824 4312 2109">
     <span class='ocr_line' id='line_1_50' title="bbox 3106 1824 4312 1904; baseline -0.002 -17"><span class='ocrx_word' id='word_1_251' title='bbox 3106 1824 3305 1891; x_wconf 83' lang='lat' dir='ltr'><strong>NVS.</strong></span> <span class='ocrx_word' id='word_1_252' title='bbox 3344 1825 3549 1893; x_wconf 89' lang='lat' dir='ltr'><strong>AVG.</strong></span> <span class='ocrx_word' id='word_1_253' title='bbox 3599 1827 3802 1904; x_wconf 79' lang='lat' dir='ltr'><strong>Caput</strong></span> <span class='ocrx_word' id='word_1_254' title='bbox 3840 1824 4196 1885; x_wconf 79' lang='lat' dir='ltr'><strong>laureatum</strong></span> <span class='ocrx_word' id='word_1_255' title='bbox 4241 1825 4312 1883; x_wconf 80' lang='lat' dir='ltr'><strong>in</strong></span> 
     </span>
     <span class='ocr_line' id='line_1_51' title="bbox 3108 1927 3687 1992; baseline -0.002 -3"><span class='ocrx_word' id='word_1_256' title='bbox 3108 1929 3256 1992; x_wconf 81' lang='lat' dir='ltr'><strong>AV.</strong></span> <span class='ocrx_word' id='word_1_257' title='bbox 3299 1931 3439 1989; x_wconf 87' lang='grc' dir='ltr'><strong>ΑΕ.</strong></span> <span class='ocrx_word' id='word_1_258' title='bbox 3486 1929 3542 1988; x_wconf 89' lang='grc' dir='ltr'><strong>Ι.</strong></span> <span class='ocrx_word' id='word_1_259' title='bbox 3589 1927 3687 1988; x_wconf 90' lang='grc' dir='ltr'><strong>ΙΙ.</strong></span> 
     </span>
     <span class='ocr_line' id='line_1_52' title="bbox 3552 2025 3591 2065; baseline 0 0"><span class='ocrx_word' id='word_1_260' title='bbox 3552 2025 3591 2065; x_wconf 57' lang='grc' dir='ltr'><strong>τι</strong></span> 
     </span>
     <span class='ocr_line' id='line_1_53' title="bbox 3386 2070 3426 2109; baseline 0 -5"><span class='ocrx_word' id='word_1_261' title='bbox 3386 2070 3426 2109; x_wconf 60' lang='lat'><strong>¹*</strong></span> 
     </span>
    </p>

    <p class='ocr_par' dir='ltr' id='par_1_25' title="bbox 2828 2129 4316 2410">
     <span class='ocr_line' id='line_1_54' title="bbox 3117 2129 3651 2214; baseline -0.006 -23"><span class='ocrx_word' id='word_1_262' title='bbox 3117 2133 3200 2192; x_wconf 73' lang='lat' dir='ltr'><strong>Vt</strong></span> <span class='ocrx_word' id='word_1_263' title='bbox 3228 2129 3324 2192; x_wconf 86' lang='lat' dir='ltr'><strong>lit.</strong></span> <span class='ocrx_word' id='word_1_264' title='bbox 3359 2136 3440 2190; x_wconf 81' lang='lat' dir='ltr'><strong>A.</strong></span> <span class='ocrx_word' id='word_1_265' title='bbox 3478 2139 3542 2214; x_wconf 83' lang='lat' dir='ltr'><strong>et</strong></span> <span class='ocrx_word' id='word_1_266' title='bbox 3577 2132 3651 2188; x_wconf 88' lang='lat' dir='ltr'><strong>B.</strong></span> 
     </span>
     <span class='ocr_line' id='line_1_55' title="bbox 2828 2228 4316 2297; baseline -0.003 -1"><span class='ocrx_word' id='word_1_267' title='bbox 2828 2230 3435 2297; x_wconf 84' lang='lat' dir='ltr'><strong>LIBERALITAS.</strong></span> <span class='ocrx_word' id='word_1_268' title='bbox 3492 2228 3692 2297; x_wconf 83' lang='lat' dir='ltr'><strong>AVG.</strong></span> <span class='ocrx_word' id='word_1_269' title='bbox 3754 2228 3835 2292; x_wconf 88' lang='lat'><strong>11.</strong></span> <span class='ocrx_word' id='word_1_270' title='bbox 3925 2231 4316 2292; x_wconf 73' lang='lat' dir='ltr'><strong>Liberalitas</strong></span> 
     </span>
     <span class='ocr_line' id='line_1_56' title="bbox 2829 2330 4085 2410; baseline -0.003 -15"><span class='ocrx_word' id='word_1_271' title='bbox 2829 2353 3030 2396; x_wconf 72' lang='lat' dir='ltr'><strong>stans.</strong></span> <span class='ocrx_word' id='word_1_272' title='bbox 3076 2334 3217 2395; x_wconf 83' lang='lat' dir='ltr'><strong>AR.</strong></span> <span class='ocrx_word' id='word_1_273' title='bbox 3255 2333 3392 2393; x_wconf 85' lang='grc' dir='ltr'><strong>ΑΕ.</strong></span> <span class='ocrx_word' id='word_1_274' title='bbox 3424 2333 3476 2391; x_wconf 93' lang='lat'><strong>1.</strong></span> <span class='ocrx_word' id='word_1_275' title='bbox 3511 2332 3588 2391; x_wconf 89' lang='lat'><strong>11.</strong></span> <span class='ocrx_word' id='word_1_276' title='bbox 3625 2332 3825 2410; x_wconf 82' lang='lat' dir='ltr'><strong>(Mus.</strong></span> <span class='ocrx_word' id='word_1_277' title='bbox 3865 2330 4085 2410; x_wconf 74' lang='grc'><strong>0865.)</strong></span> 
     </span>
    </p>

    <p class='ocr_par' dir='ltr' id='par_1_26' title="bbox 2958 2412 4255 2516">
     <span class='ocr_line' id='line_1_57' title="bbox 2958 2412 4255 2516; baseline -0.005 -17"><span class='ocrx_word' id='word_1_278' title='bbox 2958 2437 3230 2499; x_wconf 83' lang='lat' dir='ltr'><strong>Causam</strong></span> <span class='ocrx_word' id='word_1_279' title='bbox 3274 2431 3466 2514; x_wconf 85' lang='lat' dir='ltr'><strong>hujus</strong></span> <span class='ocrx_word' id='word_1_280' title='bbox 3505 2431 3821 2516; x_wconf 82' lang='lat' dir='ltr'><strong>congiarii</strong></span> <span class='ocrx_word' id='word_1_281' title='bbox 3855 2412 4255 2514; x_wconf 56' lang='lat' dir='ltr'><strong>ignoramus]</strong></span> 
     </span>
    </p>

    <p class='ocr_par' dir='ltr' id='par_1_27' title="bbox 3122 2538 3687 2597">
     <span class='ocr_line' id='line_1_58' title="bbox 3122 2538 3687 2597; baseline 0.002 -1"><span class='ocrx_word' id='word_1_282' title='bbox 3122 2540 3204 2597; x_wconf 80' lang='lat' dir='ltr'><strong>Vt</strong></span> <span class='ocrx_word' id='word_1_283' title='bbox 3244 2539 3339 2596; x_wconf 85' lang='lat' dir='ltr'><strong>lit.</strong></span> <span class='ocrx_word' id='word_1_284' title='bbox 3380 2538 3459 2596; x_wconf 79' lang='lat' dir='ltr'><strong>A.</strong></span> <span class='ocrx_word' id='word_1_285' title='bbox 3506 2546 3569 2595; x_wconf 85' lang='lat' dir='ltr'><strong>et</strong></span> <span class='ocrx_word' id='word_1_286' title='bbox 3612 2538 3687 2597; x_wconf 84' lang='lat' dir='ltr'><strong>B.</strong></span> 
     </span>
    </p>

    <p class='ocr_par' dir='ltr' id='par_1_28' title="bbox 2831 2633 4328 2921">
     <span class='ocr_line' id='line_1_59' title="bbox 2831 2633 4319 2703; baseline -0.005 -2"><span class='ocrx_word' id='word_1_287' title='bbox 2831 2640 2907 2703; x_wconf 90' lang='lat' dir='ltr'><strong>P.</strong></span> <span class='ocrx_word' id='word_1_288' title='bbox 2951 2641 3043 2701; x_wconf 88' lang='lat' dir='ltr'><strong>M.</strong></span> <span class='ocrx_word' id='word_1_289' title='bbox 3081 2641 3219 2700; x_wconf 80' lang='lat' dir='ltr'><strong>TR.</strong></span> <span class='ocrx_word' id='word_1_290' title='bbox 3261 2640 3335 2698; x_wconf 89' lang='grc' dir='ltr'><strong>Ρ.</strong></span> <span class='ocrx_word' id='word_1_291' title='bbox 3384 2639 3464 2699; x_wconf 86' lang='lat'><strong>11.</strong></span> <span class='ocrx_word' id='word_1_292' title='bbox 3517 2635 3703 2699; x_wconf 85' lang='grc'><strong>008.</strong></span> <span class='ocrx_word' id='word_1_293' title='bbox 3749 2633 3824 2697; x_wconf 89' lang='lat' dir='ltr'><strong>P.</strong></span> <span class='ocrx_word' id='word_1_294' title='bbox 3858 2633 3936 2697; x_wconf 92' lang='lat' dir='ltr'><strong>P.</strong></span> <span class='ocrx_word' id='word_1_295' title='bbox 3981 2635 4319 2695; x_wconf 65' lang='lat' dir='ltr'><strong>Procas-us</strong></span> 
     </span>
     <span class='ocr_line' id='line_1_60' title="bbox 2833 2736 4328 2822; baseline -0.006 -20"><span class='ocrx_word' id='word_1_296' title='bbox 2833 2743 3196 2811; x_wconf 73' lang='lat' dir='ltr'><strong>consulatis</strong></span> <span class='ocrx_word' id='word_1_297' title='bbox 3212 2784 3227 2815; x_wconf 91' lang='lat'><strong>,</strong></span> <span class='ocrx_word' id='word_1_298' title='bbox 3274 2743 3517 2822; x_wconf 76' lang='lat' dir='ltr'><strong>aliique</strong></span> <span class='ocrx_word' id='word_1_299' title='bbox 3538 2741 3674 2819; x_wconf 71' lang='lat' dir='ltr'><strong>typi</strong></span> <span class='ocrx_word' id='word_1_300' title='bbox 3688 2738 3849 2799; x_wconf 82' lang='lat' dir='ltr'><strong>mire</strong></span> <span class='ocrx_word' id='word_1_301' title='bbox 3863 2736 4036 2797; x_wconf 80' lang='lat' dir='ltr'><strong>varii</strong></span> <span class='ocrx_word' id='word_1_302' title='bbox 4067 2737 4138 2796; x_wconf 77' lang='lat' dir='ltr'><strong>iu</strong></span> <span class='ocrx_word' id='word_1_303' title='bbox 4154 2738 4328 2797; x_wconf 78' lang='lat' dir='ltr'><strong>omni</strong></span> 
     </span>
     <span class='ocr_line' id='line_1_61' title="bbox 2834 2842 3448 2921; baseline -0.005 -18"><span class='ocrx_word' id='word_1_304' title='bbox 2834 2844 3092 2919; x_wconf 75' lang='lat' dir='ltr'><strong>metallo</strong></span> <span class='ocrx_word' id='word_1_305' title='bbox 3129 2850 3195 2903; x_wconf 82' lang='lat' dir='ltr'><strong>et</strong></span> <span class='ocrx_word' id='word_1_306' title='bbox 3211 2842 3448 2921; x_wconf 83' lang='lat' dir='ltr'><strong>forma.</strong></span> 
     </span>
    </p>
   </div>
   <div class='ocr_carea' id='block_1_22' title="bbox 3260 2978 3823 3056">
    <p class='ocr_par' dir='ltr' id='par_1_29' title="bbox 3260 2978 3823 3056">
     <span class='ocr_line' id='line_1_62' title="bbox 3260 2978 3823 3056; baseline 0 -16"><span class='ocrx_word' id='word_1_307' title='bbox 3260 3047 3264 3054; x_wconf 63' lang='grc'><em>,</em></span> <span class='ocrx_word' id='word_1_308' title='bbox 3317 2981 3559 3056; x_wconf 74' lang='lat' dir='ltr'><strong>Incipit</strong></span> <span class='ocrx_word' id='word_1_309' title='bbox 3598 2978 3823 3040; x_wconf 75' lang='lat' dir='ltr'><strong>PJVS.</strong></span> 
     </span>
    </p>
   </div>
   <div class='ocr_carea' id='block_1_23' title="bbox 2975 3093 4330 3275">
    <p class='ocr_par' dir='ltr' id='par_1_30' title="bbox 2975 3093 4330 3275">
     <span class='ocr_line' id='line_1_63' title="bbox 2975 3093 4325 3161; baseline -0.008 -1"><span class='ocrx_word' id='word_1_310' title='bbox 2975 3116 2982 3123; x_wconf 80' lang='lat'><strong>·</strong></span> <span class='ocrx_word' id='word_1_311' title='bbox 3033 3099 3038 3104; x_wconf 75' lang='grc'><strong>’</strong></span> <span class='ocrx_word' id='word_1_312' title='bbox 3117 3094 4081 3161; x_wconf 78' lang='lat' dir='ltr'><strong>IMP.CAES.GORD1ANVS.</strong></span> <span class='ocrx_word' id='word_1_313' title='bbox 4102 3093 4325 3158; x_wconf 70' lang='lat' dir='ltr'><strong>PIVS.</strong></span> 
     </span>
     <span class='ocr_line' id='line_1_64' title="bbox 3119 3198 4330 3275; baseline -0.003 -15"><span class='ocrx_word' id='word_1_314' title='bbox 3119 3200 3321 3264; x_wconf 83' lang='lat' dir='ltr'><strong>AVG.</strong></span> <span class='ocrx_word' id='word_1_315' title='bbox 3345 3202 3554 3275; x_wconf 74' lang='lat' dir='ltr'><strong>Caput</strong></span> <span class='ocrx_word' id='word_1_316' title='bbox 3585 3201 3953 3258; x_wconf 78' lang='lat' dir='ltr'><strong>laureatum.</strong></span> <span class='ocrx_word' id='word_1_317' title='bbox 3990 3200 4061 3256; x_wconf 79' lang='lat' dir='ltr'><strong>in</strong></span> <span class='ocrx_word' id='word_1_318' title='bbox 4090 3198 4240 3258; x_wconf 82' lang='lat' dir='ltr'><strong>AV.</strong></span> <span class='ocrx_word' id='word_1_319' title='bbox 4266 3207 4330 3257; x_wconf 84' lang='lat' dir='ltr'><strong>et</strong></span> 
     </span>
    </p>
   </div>
   <div class='ocr_carea' id='block_1_24' title="bbox 2840 3300 4331 3788">
    <p class='ocr_par' dir='ltr' id='par_1_31' title="bbox 2840 3300 4331 3788">
     <span class='ocr_line' id='line_1_65' title="bbox 3125 3300 4322 3374; baseline -0.006 -12"><span class='ocrx_word' id='word_1_320' title='bbox 3125 3304 3266 3362; x_wconf 84' lang='grc' dir='ltr'><strong>ΑΕ.</strong></span> <span class='ocrx_word' id='word_1_321' title='bbox 3315 3302 3403 3373; x_wconf 86' lang='grc'><strong>1.,</strong></span> <span class='ocrx_word' id='word_1_322' title='bbox 3465 3302 3790 3374; x_wconf 71' lang='lat' dir='ltr'><strong>radiatum</strong></span> <span class='ocrx_word' id='word_1_323' title='bbox 3845 3301 3918 3360; x_wconf 78' lang='lat' dir='ltr'><strong>in</strong></span> <span class='ocrx_word' id='word_1_324' title='bbox 3969 3301 4108 3361; x_wconf 69' lang='lat' dir='ltr'><strong>AB.</strong></span> <span class='ocrx_word' id='word_1_325' title='bbox 4166 3300 4322 3374; x_wconf 82' lang='lat' dir='ltr'><strong>maj.</strong></span> 
     </span>
     <span class='ocr_line' id='line_1_66' title="bbox 3122 3404 4240 3466; baseline 0.004 -4"><span class='ocrx_word' id='word_1_326' title='bbox 3122 3405 3288 3462; x_wconf 83' lang='lat' dir='ltr'><strong>mod.</strong></span> <span class='ocrx_word' id='word_1_327' title='bbox 3325 3411 3390 3462; x_wconf 84' lang='lat' dir='ltr'><strong>et</strong></span> <span class='ocrx_word' id='word_1_328' title='bbox 3415 3405 3555 3462; x_wconf 82' lang='grc' dir='ltr'><strong>ΑΕ.</strong></span> <span class='ocrx_word' id='word_1_329' title='bbox 3592 3404 3682 3462; x_wconf 90' lang='grc' dir='ltr'><strong>ΙΙ.</strong></span> <span class='ocrx_word' id='word_1_330' title='bbox 3914 3410 3944 3422; x_wconf 82' lang='grc'><strong><em>’</em></strong></span> <span class='ocrx_word' id='word_1_331' title='bbox 4133 3417 4136 3420; x_wconf 68' lang='lat'><strong><em>‘</em></strong></span> <span class='ocrx_word' id='word_1_332' title='bbox 4235 3465 4240 3466; x_wconf 10' lang='lat' dir='ltr'><strong>a</strong></span> 
     </span>
     <span class='ocr_line' id='line_1_67' title="bbox 2840 3501 4321 3574; baseline -0.006 -9"><span class='ocrx_word' id='word_1_333' title='bbox 2840 3501 3447 3574; x_wconf 79' lang='lat' dir='ltr'><strong>LIBERALITAS.</strong></span> <span class='ocrx_word' id='word_1_334' title='bbox 3507 3502 3709 3567; x_wconf 79' lang='lat' dir='ltr'><strong>AVG:</strong></span> <span class='ocrx_word' id='word_1_335' title='bbox 3771 3501 3852 3561; x_wconf 91' lang='lat'><strong>11.</strong></span> <span class='ocrx_word' id='word_1_336' title='bbox 3927 3502 4321 3563; x_wconf 18' lang='lat' dir='ltr'><strong>,Liberalitas</strong></span> 
     </span>
     <span class='ocr_line' id='line_1_68' title="bbox 2843 3602 3901 3682; baseline -0.003 -14"><span class='ocrx_word' id='word_1_337' title='bbox 2843 3617 3045 3669; x_wconf 75' lang='lat' dir='ltr'><strong>stans.</strong></span> <span class='ocrx_word' id='word_1_338' title='bbox 3087 3605 3230 3672; x_wconf 90' lang='lat' dir='ltr'><strong>AV.</strong></span> <span class='ocrx_word' id='word_1_339' title='bbox 3264 3604 3402 3664; x_wconf 87' lang='lat' dir='ltr'><strong>AR.</strong></span> <span class='ocrx_word' id='word_1_340' title='bbox 3446 3604 3647 3682; x_wconf 88' lang='lat' dir='ltr'><strong>(Mus.</strong></span> <span class='ocrx_word' id='word_1_341' title='bbox 3683 3602 3901 3681; x_wconf 80' lang='lat' dir='ltr'><strong>Caes.)</strong></span> 
     </span>
     <span class='ocr_line' id='line_1_69' title="bbox 2966 3695 4331 3788; baseline -0.003 -22"><span class='ocrx_word' id='word_1_342' title='bbox 2966 3695 3175 3781; x_wconf 84' lang='lat' dir='ltr'><strong>Vide,</strong></span> <span class='ocrx_word' id='word_1_343' title='bbox 3237 3723 3402 3788; x_wconf 89' lang='lat' dir='ltr'><strong>quae</strong></span> <span class='ocrx_word' id='word_1_344' title='bbox 3455 3703 3539 3766; x_wconf 78' lang='lat' dir='ltr'><strong>ad</strong></span> <span class='ocrx_word' id='word_1_345' title='bbox 3593 3702 4052 3768; x_wconf 82' lang='lat' dir='ltr'><strong>liberalitatem</strong></span> <span class='ocrx_word' id='word_1_346' title='bbox 4112 3700 4331 3786; x_wconf 83' lang='lat' dir='ltr'><strong>proxi·</strong></span> 
     </span>
    </p>
   </div>
   <div class='ocr_carea' id='block_1_25' title="bbox 2845 3799 3439 3940">
    <p class='ocr_par' dir='ltr' id='par_1_32' title="bbox 2845 3799 3439 3940">
     <span class='ocr_line' id='line_1_70' title="bbox 2845 3799 3439 3882; baseline -0.008 -12"><span class='ocrx_word' id='word_1_347' title='bbox 2845 3827 3017 3870; x_wconf 85' lang='lat' dir='ltr'><strong>mam</strong></span> <span class='ocrx_word' id='word_1_348' title='bbox 3053 3799 3439 3882; x_wconf 77' lang='lat' dir='ltr'><strong>observabo.</strong></span> 
     </span>
     <span class='ocr_line' id='line_1_71' title="bbox 2997 3903 3274 3940; baseline -0.004 -17"><span class='ocrx_word' id='word_1_349' title='bbox 2997 3903 3041 3940; x_wconf 71' lang='lat' dir='ltr'><em>s</em></span> <span class='ocrx_word' id='word_1_350' title='bbox 3269 3915 3274 3922; x_wconf 87' lang='lat'><strong>.</strong></span> 
     </span>
    </p>
   </div>
   <div class='ocr_carea' id='block_1_26' title="bbox 2846 3992 4331 4481">
    <p class='ocr_par' dir='ltr' id='par_1_33' title="bbox 2846 3992 4331 4481">
     <span class='ocr_line' id='line_1_72' title="bbox 3169 3992 3774 4053; baseline -0.01 0"><span class='ocrx_word' id='word_1_351' title='bbox 3169 3994 3412 4053; x_wconf 79' lang='lat' dir='ltr'><strong>Eadem</strong></span> <span class='ocrx_word' id='word_1_352' title='bbox 3453 3992 3774 4051; x_wconf 62' lang='lat' dir='ltr'><strong>adversm‘</strong></span> 
     </span>
     <span class='ocr_line' id='line_1_73' title="bbox 2847 4090 4331 4169; baseline -0.003 -15"><span class='ocrx_word' id='word_1_353' title='bbox 2847 4094 2923 4156; x_wconf 89' lang='lat' dir='ltr'><strong>P.</strong></span> <span class='ocrx_word' id='word_1_354' title='bbox 2968 4094 3058 4154; x_wconf 88' lang='grc' dir='ltr'><strong>Μ.</strong></span> <span class='ocrx_word' id='word_1_355' title='bbox 3093 4095 3231 4153; x_wconf 88' lang='lat' dir='ltr'><strong>TR.</strong></span> <span class='ocrx_word' id='word_1_356' title='bbox 3261 4094 3338 4153; x_wconf 90' lang='lat' dir='ltr'><strong>P.</strong></span> <span class='ocrx_word' id='word_1_357' title='bbox 3371 4093 3449 4151; x_wconf 80' lang='grc' dir='ltr'><strong>ΙΙ.</strong></span> <span class='ocrx_word' id='word_1_358' title='bbox 3472 4090 3662 4155; x_wconf 86' lang='grc'><strong>008.</strong></span> <span class='ocrx_word' id='word_1_359' title='bbox 3689 4091 3762 4150; x_wconf 89' lang='grc' dir='ltr'><strong>Ρ.</strong></span> <span class='ocrx_word' id='word_1_360' title='bbox 3796 4091 3872 4151; x_wconf 92' lang='lat' dir='ltr'><strong>P.</strong></span> <span class='ocrx_word' id='word_1_361' title='bbox 3903 4093 4113 4151; x_wconf 76' lang='lat' dir='ltr'><strong>variis</strong></span> <span class='ocrx_word' id='word_1_362' title='bbox 4144 4095 4331 4169; x_wconf 68' lang='lat' dir='ltr'><strong>typis.</strong></span> 
     </span>
     <span class='ocr_line' id='line_1_74' title="bbox 2846 4192 3984 4273; baseline -0.002 -17"><span class='ocrx_word' id='word_1_363' title='bbox 2846 4196 2988 4264; x_wconf 85' lang='lat' dir='ltr'><strong>AV.</strong></span> <span class='ocrx_word' id='word_1_364' title='bbox 3022 4194 3160 4257; x_wconf 78' lang='lat' dir='ltr'><strong>AR.</strong></span> <span class='ocrx_word' id='word_1_365' title='bbox 3198 4194 3333 4256; x_wconf 84' lang='lat' dir='ltr'><strong>AE.</strong></span> <span class='ocrx_word' id='word_1_366' title='bbox 3371 4196 3423 4256; x_wconf 89' lang='lat'><strong>1.</strong></span> <span class='ocrx_word' id='word_1_367' title='bbox 3462 4196 3659 4273; x_wconf 82' lang='lat' dir='ltr'><strong>(Mus.</strong></span> <span class='ocrx_word' id='word_1_368' title='bbox 3698 4192 3917 4272; x_wconf 75' lang='lat' dir='ltr'><strong>CaeS.)</strong></span> <span class='ocrx_word' id='word_1_369' title='bbox 3979 4249 3984 4254; x_wconf 78' lang='grc'>,</span> 
     </span>
     <span class='ocr_line' id='line_1_75' title="bbox 2975 4293 4324 4378; baseline -0.004 -20"><span class='ocrx_word' id='word_1_370' title='bbox 2975 4299 3051 4358; x_wconf 87' lang='lat' dir='ltr'><strong>In</strong></span> <span class='ocrx_word' id='word_1_371' title='bbox 3085 4294 3300 4356; x_wconf 85' lang='lat' dir='ltr'><strong>numis</strong></span> <span class='ocrx_word' id='word_1_372' title='bbox 3342 4293 3654 4378; x_wconf 82' lang='lat' dir='ltr'><strong>reliquis:</strong></span> <span class='ocrx_word' id='word_1_373' title='bbox 3702 4297 4121 4355; x_wconf 77' lang='lat' dir='ltr'><strong>Abundantia</strong></span> <span class='ocrx_word' id='word_1_374' title='bbox 4153 4297 4324 4373; x_wconf 66' lang='lat' dir='ltr'><strong>Any.</strong></span> 
     </span>
     <span class='ocr_line' id='line_1_76' title="bbox 2847 4399 4054 4481; baseline -0.005 -20"><span class='ocrx_word' id='word_1_375' title='bbox 2847 4431 2937 4447; x_wconf 91' lang='lat'><strong>--</strong></span> <span class='ocrx_word' id='word_1_376' title='bbox 2969 4400 3287 4481; x_wconf 74' lang='lat' dir='ltr'><strong>Aequitas</strong></span> <span class='ocrx_word' id='word_1_377' title='bbox 3313 4406 3486 4476; x_wconf 73' lang='lat' dir='ltr'><strong>Any.</strong></span> <span class='ocrx_word' id='word_1_378' title='bbox 3521 4430 3603 4443; x_wconf 86' lang='lat'><strong>--</strong></span> <span class='ocrx_word' id='word_1_379' title='bbox 3641 4399 3861 4458; x_wconf 70' lang='lat' dir='ltr'><strong>Virtus</strong></span> <span class='ocrx_word' id='word_1_380' title='bbox 3888 4403 4054 4475; x_wconf 74' lang='lat' dir='ltr'><strong>Anq-</strong></span> 
     </span>
    </p>
   </div>
   <div class='ocr_carea' id='block_1_27' title="bbox 3177 4533 4009 4615">
    <p class='ocr_par' dir='ltr' id='par_1_34' title="bbox 3177 4533 4009 4615">
     <span class='ocr_line' id='line_1_77' title="bbox 3177 4533 4009 4615; baseline -0.005 -20"><span class='ocrx_word' id='word_1_381' title='bbox 3177 4536 3417 4615; x_wconf 68' lang='grc' dir='ltr'><strong>ιηοερει</strong></span> <span class='ocrx_word' id='word_1_382' title='bbox 3457 4535 3676 4596; x_wconf 77' lang='lat' dir='ltr'><em>PIVS.</em></span> <span class='ocrx_word' id='word_1_383' title='bbox 3721 4533 4009 4593; x_wconf 72' lang='lat' dir='ltr'><strong>FELJX.</strong></span> 
     </span>
    </p>
   </div>
   <div class='ocr_carea' id='block_1_28' title="bbox 3138 4649 4334 4835">
    <p class='ocr_par' dir='ltr' id='par_1_35' title="bbox 3138 4649 4334 4835">
     <span class='ocr_line' id='line_1_78' title="bbox 3138 4649 4334 4722; baseline -0.001 -9"><span class='ocrx_word' id='word_1_384' title='bbox 3138 4653 3315 4714; x_wconf 87' lang='lat' dir='ltr'><strong>IMP.</strong></span> <span class='ocrx_word' id='word_1_385' title='bbox 3339 4650 3871 4720; x_wconf 82' lang='lat' dir='ltr'><strong>GORDIANVS.</strong></span> <span class='ocrx_word' id='word_1_386' title='bbox 3887 4649 4108 4722; x_wconf 76' lang='lat' dir='ltr'><strong>PIVS.</strong></span> <span class='ocrx_word' id='word_1_387' title='bbox 4139 4649 4334 4714; x_wconf 82' lang='lat' dir='ltr'><strong>FEL.</strong></span> 
     </span>
     <span class='ocr_line' id='line_1_79' title="bbox 3140 4754 4096 4835; baseline -0.003 -19"><span class='ocrx_word' id='word_1_388' title='bbox 3140 4754 3339 4835; x_wconf 82' lang='lat' dir='ltr'><strong>AVG.</strong></span> <span class='ocrx_word' id='word_1_389' title='bbox 3387 4754 3590 4831; x_wconf 76' lang='lat' dir='ltr'><strong>Caput</strong></span> <span class='ocrx_word' id='word_1_390' title='bbox 3627 4756 3970 4816; x_wconf 71' lang='lat' dir='ltr'><strong>radiatumz</strong></span> <span class='ocrx_word' id='word_1_391' title='bbox 4089 4803 4096 4813; x_wconf 88' lang='lat'><strong>.</strong></span> 
     </span>
    </p>
   </div>
  </div>
 </body>
</html>
