4652 5937
1536 318 2079 401 PROBVS.‘

116 500 381 566 biles
421 499 810 584 peristases,
854 501 1082 586 quales
1123 513 1304 567 eunte
1349 501 1708 589 epigraphe

122 602 447 693 eapitis
478 598 608 684 jam
653 601 1033 682 liberalior,
1090 604 1219 689 jam
1259 605 1560 689 parcior,
1608 626 1712 668 ca·

126 704 369 789 pitis
403 706 658 782 cultus,
702 720 812 767 aut
843 705 1229 790 literaeper
1278 726 1573 768 aversam
1609 726 1712 768 so-

128 804 469 869 litariae
515 819 585 870 et
625 805 923 883 inutiles,
979 806 1431 894 prodigiosum
1478 825 1708 868 eorum

132 926 566 973 nnmerum
603 908 1025 972 constituunt.
1113 908 1336 1004 Quare
1384 921 1458 971 ut
1494 909 1713 972 utilio·

503 1317 972 1384 P1V8.AVG.

151 1112 243 1174 A

152 1216 245 1276 B

169 1420 277 1483 C.

171 1520 290 1582 D.

176 1623 261 1684 E

177 1724 258 1785 F

186 1824 269 1888 G

188 1928 275 1989 Η

3165 346 3308 413 503

1824 508 2007 571 ribus
2051 507 2272 573 locum
2333 507 2606 584 faciam,
2665 509 2999 595 negligam
3043 511 3318 575 varieta-

1824 622 1927 671 tes
1990 630 2255 687 omnes,
2333 630 2500 694 quae
2560 611 2629 673 iu
2706 612 2788 675 iis
2859 613 3314 689 observantur,

1825 712 2358 774 commemoratis
2413 726 2660 775 tantum
2703 713 2820 791 iis,
2884 733 3049 802 quae
3094 712 3316 778 facere

1824 829 2068 898 operae
2100 812 2386 899 pretium
2415 810 2833 880 videbuntur.

495 1114 675 1178 IMP.
704 1113 1077 1182 PROBVS.
1114 1108 1314 1179 AVG.
1361 1116 1468 1174 vel
1507 1115 1684 1174 ΙΜΡ.
1727 1115 1798 1176 C.
1834 1113 2207 1183 PROBVS.
2249 1113 2452 1182 AVG.
2502 1113 2609 1177 vel
2636 1115 2708 1176 Ρ.
2750 1117 2827 1180 F.
2858 1118 3080 1188 AVG·

498 1217 677 1277 IMP.
741 1218 818 1279 C.
860 1218 956 1279 M.
1015 1216 1217 1284 AVR.
1271 1214 1650 1323 PROBVS.
1696 1214 1895 1284 AVG.
1957 1219 2065 1279 vel
2119 1219 2194 1281 P.
2256 1213 2458 1285 AVG.
2518 1222 2625 1279 vel
2675 1218 2750 1277 P.
2814 1218 2890 1280 F.
2955 1217 3153 1291 AVG.
3215 1222 3322 1281 vel

494 1417 1407 1486 v1nrvs.PRoss1.AvG
1449 1452 1536 1465 —
1574 1418 1921 1486 vm‘rvs.
1953 1419 2242 1483 Pnom.
2274 1417 2625 1483 1Nv1cT1.
2656 1419 2860 1491 Ave.

496 1520 673 1582 ιΜΡ.
710 1521 783 1582 c.
822 1523 909 1580 u.
938 1521 1134 1588 Avn
1178 1519 1655 1586 Pnonvsffl.
1690 1522 1766 1584 Ρ.
1808 1519 2481 1591 1Nv1crv5.ave.

501 1623 680 1683 ῙΜΡ.
708 1622 1082 1691 PROBVS.
1122 1623 1292 1698 mv
1320 1622 2170 1691 INV10.1NVICT.AVG

502 1724 1004 1792 PERPETVO.
1050 1727 1225 1785 ηιΡ.
1272 1723 1600 1787 PROBO.
1646 1723 1850 1788 Ave.

501 1825 779 1890 BONO.
817 1804 1932 1893 1MP.PROBO.1NV1CT.A'.VG
1978 1806 2396 1910 (neapoli.)

506 1926 781 1989 nomo.
830 1929 1005 1986 ιΜΡ.
1055 1925 1127 1986 c.
1171 1926 1261 1982 M.
1317 1928 1516 1991 Ave.
1570 1923 1941 1989 Pssossvs.
1991 1927 2148 2004 (sic)
2198 1926 2400 1993 Ave.
2459 1927 2568 2005 (B.
2619 1927 2696 1987 L.
2745 1932 2936 1991 Τοιιι.
2980 1930 3126 1989 xn.
3173 1927 3325 1987 hist.

507 2049 571 2111 p.
609 2027 786 2106 272.)
875 2025 1200 2120 Quoniam
1245 2023 1313 2084 in
1350 2024 1471 2085 hac
1505 2024 1933 2107 inscriptione
1963 2047 2033 2084 το
2068 2025 2320 2090 BONO
2369 2046 2516 2088 cum
2566 2028 2866 2092 PROBV
2871 2028 2914 2087 S
2962 2027 3323 2089 consistere

507 2148 643 2189 non
704 2140 958 2209 potest,
1030 2126 1228 2189 abbas
1302 2125 1558 2188 Geinoz
1639 2125 2157 2189 comminiscitur
2235 2124 2776 2215 essplieationem,
2847 2148 2972 2209 qua
3027 2129 3326 2210 perlecta

507 2227 689 2309 ipsae
736 2241 1051 2290 nauseent
1092 2226 1438 2290 inficetiae.
1542 2227 1709 2287 Esse
1755 2227 2100 2299 monetarii
2159 2245 2392 2290 errore
2435 2228 2761 2309 scriptum
2809 2229 3159 2298 PROBVS
3204 2248 3326 2312 pro

507 2328 856 2403 PROBO,
902 2347 1182 2413 sequens
1226 2324 1569 2410 inscriptio
1615 2327 1879 2392 evincit.

214 2433 270 2495 1.
502 2427 776 2493 BONO.
815 2431 989 2490 ῙΜΡ.
1025 2430 1096 2492 C.
1132 2426 1461 2491 PROBO.
1497 2429 1573 2488 P.
1604 2426 1683 2489 F.
1722 2430 2041 2498 INVICT.
2072 2427 2273 2531 AYG.
2337 2427 2537 2508 (Mus.
2577 2449 2745 2492 com.
2782 2428 3054 2511 Vitzai.)

353 2634 563 2718 Caput
618 2628 983 2696 laureatum
1026 2632 1173 2694 fere
1215 2644 1466 2693 tantum
1509 2645 1611 2694 est
1652 2633 1720 2693 in

221 2734 561 2797 nonnullis
605 2734 861 2809 aureis,
930 2746 997 2794 et
1040 2733 1107 2794 in
1157 2731 1458 2794 omnibus
1501 2731 1721 2794 aeneis

226 2839 309 2898 11.
345 2837 635 2911 formae,
683 2836 852 2896 etin
890 2833 1008 2908 iis,
1054 2834 1165 2917 qui
1212 2832 1546 2896 volumine
1583 2833 1722 2916 qui-

228 2920 564 3002 ‘uariorum
625 2934 904 2999 formam
967 2935 1286 2997 obtinent.
1373 2926 1725 2996 Radiatum‘

233 3041 495 3105 obvium
546 3040 614 3099 in
661 3038 882 3099 aeneis
916 3036 1026 3096 111.
1072 3034 1358 3109 formae,
1401 3056 1553 3097 saro
1589 3038 1726 3096 lau·

232 3155 507 3206 reatum.
553 3142 636 3201 At
673 3137 1106 3221 perfrequens
1140 3148 1442 3216 protome
1474 3135 1725 3195 laurea·

235 3257 332 3316 ta,
376 3241 483 3305 vel
513 3239 793 3313 radiata,
838 3237 948 3300 vel
984 3236 1257 3318 galeata,
1305 3234 1489 3316 galea
1525 3254 1745 3334 saepe·

235 3344 420 3404 lauro
459 3342 567 3404 vel
605 3339 804 3402 radiis
834 3338 1150 3410 incincta,
1196 3354 1390 3416 saepe
1429 3356 1622 3396 manu
1659 3335 1720 3396 d.

239 3443 482 3504 hastam
506 3487 521 3516 ,
570 3464 620 3504 s.
660 3427 961 3524 clypeum
998 3433 1416 3519 praeferens,
1462 3449 1570 3496 aut
1601 3456 1722 3517 pro

238 3544 338 3608 liis
370 3556 700 3625 sceptrum
732 3540 1076 3604 consulare
1107 3537 1320 3621 aquila
1342 3534 1724 3617 praefixum,

244 3658 346 3706 aut
364 3643 628 3725 globum
650 3687 665 3717 ,
714 3641 819 3705 cui
848 3638 1085 3700 insistit
1106 3637 1396 3703 Victoria
1416 3650 1541 3698 etc.
1570 3657 1727 3698 non-

242 3764 562 3828 nunquam
598 3741 929 3823 jugatum..
973 3753 1044 3802 ut
1082 3738 1447 3801 videbimus
1500 3738 1567 3797 in
1611 3759 1728 3797 nu·

247 3848 360 3909 mis
404 3846 582 3929 ipsis.
684 3844 758 3902 In
808 3840 1156 3906 rarissimis
1216 3837 1428 3900 musei
1490 3837 1726 3899 Albani

241 3947 378 4028 ejus
434 3958 625 4028 caput
681 3943 895 4004 leonis
974 3941 1225 4005 exuviis
1285 3939 1571 4022 tegitur,
1654 3953 1725 4001 ut

244 4048 395 4110 olim
431 4042 772 4109 Commodi
806 4058 872 4106 et
904 4041 1212 4105 Gallieni.

963 4144 1002 4180 '⁵
1127 4185 1166 4225 os

797 4189 838 4225 a.
925 4205 932 4217 .

523 4251 605 4309 Vt
635 4251 731 4311 lit.
769 4250 845 4308 B.
890 4249 1180 4317 Ptotme
1214 4248 1427 4308 Probi.

252 4346 776 4412 ABLOCVTIO.
841 4344 1038 4413 AVG.
1124 4350 1481 4426 Imperator
1542 4356 1726 4407 stans

254 4454 317 4511 in
346 4457 639 4528 suqyestu
676 4469 727 4536 s.
752 4451 1003 4509 hastam
1023 4493 1040 4524 ,
1086 4460 1295 4511 statue
1324 4459 1488 4510 retro
1517 4452 1727 4528 fiyura

250 4552 546 4630 paludata
565 4592 580 4623 ,
616 4551 776 4611 duos
788 4552 1026 4610 milites
1043 4568 1184 4613 cum
1205 4553 1267 4612 si
1258 4554 1413 4631 qais
1428 4553 1570 4613 mili
1572 4553 1726 4613 tari

1838 2638 1953 2695 bus
1985 2639 2317 2697 adstantes
2349 2636 2739 2716 adloquitur.
2813 2631 3091 2715 Argenti
3121 2634 3335 2717 purisf

1837 2734 2002 2794 simi.
2037 2739 2238 2814 (Mus.
2276 2735 2496 2813 Caesa.)

1966 2840 2216 2898 Numus
2274 2836 2550 2898 eximius
2607 2855 2739 2896 non
2803 2830 2999 2897 modo
3045 2846 3332 2916 spectata

1836 2939 2094 3020 argenti
2156 2938 2515 3022 probitate,
2599 2933 2717 2997 sed
2774 2935 2970 2996 etiam
3045 2934 3333 2999 fabricae

1839 3039 2090 3113 nitore,
2137 3053 2418 3124 utroque
2459 3037 2694 3099 merito
2728 3034 2849 3098 hac
2883 3051 3094 3099 aetate
3123 3059 3293 3100 raro.

2134 3143 2215 3198 Vt
2244 3144 2340 3199 lit.
2377 3144 2442 3199 C.
2484 3144 2776 3198 Protome
2813 3141 3022 3199 Probi.

1842 3237 2385 3301 ADLOCV'I'IO.
2449 3238 2646 3302 AVG.
2712 3238 3067 3311 Imperator
3120 3244 3338 3301 eodem.

1840 3342 2023 3399 modo
2062 3341 2134 3398 iu
2159 3350 2461 3420 sayqestu
2481 3382 2496 3412 ,
2543 3341 2807 3416 adstant
2839 3339 3185 3397 adea-teris
3211 3349 3338 3399 tres

1840 3442 2077 3520 milites
2096 3459 2236 3500 cum-
2256 3461 2416 3522 equo
2437 3449 2502 3500 et
2516 3443 2698 3517 siquo
2723 3438 3001 3497 militari
3017 3442 3338 3516 captivum
3371 3419 3386 3440 ⁸

1841 3541 2078 3600 seudum
2121 3552 2184 3601 et
2217 3543 2554 3601 barbatum
2585 3541 2880 3601 manibus
2914 3541 3218 3598 revinctis
3254 3544 3346 3599 ad
3459 3558 3466 3562 ’

1832 3651 2204 3720 -sayyestum
2222 3646 2517 3703 sistentes
2529 3663 2559 3715 ;
2590 3660 2633 3700 a
2651 3642 2936 3700 sinistris
2955 3643 3080 3700 duo
3103 3641 3342 3714 milites

1842 3746 1940 3803 ali
1942 3746 1969 3802 i
1979 3763 2121 3804 cum
2139 3765 2299 3825 equo
2318 3753 2383 3804 et
2397 3745 2602 3822 siquis
2613 3742 3004 3822 militaribus
3020 3745 3345 3820 captivum

1833 3847 2075 3905 nudum
2093 3855 2157 3905 et
2170 3847 2508 3905 imberbem
2539 3845 2755 3904 eodem
2764 3843 3201 3928 producentes,
3240 3864 3346 3905 su-

1833 3963 2028 4019 perne
2056 3948 2295 4006 milites
2322 3948 2448 4006 alii
2484 3947 2780 4026 quinque.
2817 3941 2963 4002 AR.
3000 3939 3270 4022 (nand.)

1879 4055 1883 4070 ·
1969 4044 2193 4105 Iudice
2255 4043 2592 4106 Bandurio
2655 4040 3051 4104 exhibentur
3096 4043 3162 4102 in
3213 4043 3342 4108 hoc

1844 4142 2087 4204 Semno
2133 4145 2505 4228 Logionum
2551 4163 2706 4216 rex,
2766 4141 3114 4226 filiusque,
3173 4163 3338 4225 quos

1841 4244 2050 4308 victos
2096 4244 2560 4328 supplicesque
2603 4243 2812 4305 factos
2877 4243 2944 4305 in
2995 4242 3192 4306 fidem
3239 4267 3346 4314 re-

1842 4344 2055 4462 cepit,
2098 4360 2247 4429 post
2283 4343 2531 4406 dimisit
2564 4358 2730 4408 teste
2763 4344 3057 4408 zosimo.

2133 4449 2217 4506 Vt
2247 4449 2346 4506 lit.
2384 4447 2470 4507 A.
2515 4450 2806 4510 Protome
2846 4453 3063 4514 Probi.
3459 4507 3466 4512 .

1840 4545 2881 4618 A,DLOCVT10.M1L1TVM.
2990 4555 3347 4639 Imperator
