4652 5937
1334 427 2053 502 ANTONINVS
2154 429 2450 505 PIVS.
3331 454 3413 515 13

333 592 1824 675 A‘NclmA.1MPERAT0R.11.S.C.Du0

334 713 602 773 ancilia.
647 709 788 771 AE.
834 712 912 774 11.
960 714 1161 793 (Mus.
1210 711 1426 792 Caes.)

461 818 568 879 De
614 813 811 878 ancili
873 825 1189 895 regnante
1236 815 1471 907 Numa
1499 809 1582 874 de
1630 811 1823 875 coelo

336 915 573 1000 lapso
555 939 625 977 ιιι
658 917 933 979 salutem
954 912 1170 987 urbis,
1217 927 1283 976 et
1306 932 1391 976 ne
1424 908 1662 997 pignus
1694 920 1823 973 tam

248 1078 259 1085 ,
340 1017 704 1101 pretiosum
736 1014 984 1078 auferri
1018 1014 1196 1076 furto
1230 1014 1472 1099 possit,
1522 1012 1826 1075 undecim

341 1117 665 1198 similibus
682 1117 824 1180 aliis
859 1116 938 1177 ab
971 1113 1220 1178 artifice
1253 1113 1575 1176 Mamurio
1612 1113 1827 1175 fabre-

338 1217 570 1292 factis,
647 1230 789 1278 tum
849 1217 947 1278 de.
981 1215 1293 1278 saliorum
1345 1198 1477 1276 ritu
1530 1233 1605 1276 ea
1646 1215 1826 1275 statis

338 1318 575 1381 diebus
643 1338 765 1401 per
823 1317 1056 1389 urbem
1117 1313 1506 1399 gestantium
1571 1314 1827 1377 abunde

340 1432 561 1482 actum
598 1418 678 1480 ab
709 1417 981 1480 eruditis
1002 1463 1019 1494 ‚
1055 1417 1167 1500 qui
1201 1417 1364 1477 ritus
1385 1419 1829 1494 Romanorum

338 1519 703 1583 memoriae
749 1518 1126 1602 prodidere.
1207 1516 1336 1579 Hic
1381 1502 1543 1578 vero*
1597 1539 1832 1581 numus

346 1620 587 1684 ancilis
621 1619 899 1682 formam
949 1618 1219 1702 egregie
1252 1617 1338 1681 ob
1371 1619 1597 1680 oculos
1625 1619 1831 1702 ponit,

348 1735 585 1806 estque
648 1720 927 1804 clypeus.
991 1716 1355 1801 oblongus,
1419 1732 1485 1779 et
1524 1720 1705 1782 velut
1764 1717 1832 1778 in

336 1836 481 1885 tres
527 1821 792 1903 clypeos
854 1820 1143 1882 minores
1210 1816 1491 1895 divisus,
1520 1818 1525 1823 ’
1553 1840 1831 1902 quorum

266 1958 275 1965 ·
343 1922 605 1985 medius
647 1922 896 1982 fulmen
932 1919 1365 2002 insculptum,
1413 1933 1478 1981 et
1519 1920 1832 1984 volumen

344 2022 746 2087 contractius
799 2020 1032 2095 habet,
1077 2032 1147 2081 ut
1202 2019 1365 2081 adeo
1403 2034 1676 2103 utraque
1725 2040 1836 2084 ex·-

341 2122 643 2188 tremitas
705 2122 914 2206 magis
975 2121 1376 2205 exspatietur
1422 2121 1639 2182 medio
1693 2141 1837 2184 arc·

345 2225 548 2287 tiore.
589 2224 805 2309 Atque
834 2225 1134 2311 inspecto
1148 2223 1276 2286 hoc
1302 2243 1500 2283 numo
1529 2220 1758 2284 facile
1740 2243 1836 2281 m·

347 2324 744 2408 telliguntur
791 2338 902 2387 aut
943 2322 1145 2387 verba
1191 2322 1492 2403 Dionysii
1541 2323 1836 2384 Halicar-

341 2426 705 2500 nassensis,
740 2423 904 2488 illud
942 2425 1156 2487 simile
1192 2444 1336 2485 esse
1369 2434 1544 2486 scuto
1581 2428 1835 2503 virqato

347 2530 754 2607 angustiores
798 2530 1059 2589 habenti
1089 2529 1360 2589 laterum
1388 2528 1699 2586 cavitates
1727 2523 1838 2586 ad-

347 2626 596 2691 serenti
639 2628 730 2704 ·),
778 2640 887 2688 aut
916 2628 1098 2688 Festi
1115 2625 1454 2711 prodentis
1486 2622 1589 2705 ¹³),
1633 2625 1836 2687 fuisse

347 2752 432 2792 cx
458 2740 726 2815 atroque
759 2730 958 2790 latere
977 2732 1248 2791 recisum
1270 2772 1286 2803 ,
1318 2738 1393 2791 ut
1418 2748 1725 2789 summum
1742 2714 1839 2786 ia·

340 2836 681 2912 fimumque
736 2832 877 2906 qius
935 2812 1125 2892 latus
1158 2832 1366 2891 medio
1398 2839 1683 2908 pateret,
1728 2839 1838 2888 aut

346 2928 686 2993 Plutarchi
707 2974 724 3004 ,
772 2929 884 3014 qui
918 2928 1085 2992 illud
1103 2933 1481 2993 incisionem
1510 2932 1739 2991 habere
1762 2931 1839 2990 li-

346 3052 511 3095 ncae
534 3033 905 3092 cochleatim
926 3035 1256 3106 sinuatae,
1285 3051 1488 3112 neque
1515 3033 1841 3091 absolvere

348 3135 660 3218 circulum
695 3143 770 3193 nt
793 3134 1038 3212 peltam
1070 3128 1366 3192 adfirmat
1414 3130 1496 3206 c).
1552 3134 1700 3192 Non
1732 3128 1841 3189 ab·

355 3232 559 3294 simili
593 3231 789 3294 modo
822 3231 1215 3294 exhibentur
1258 3231 1489 3306 ancilia
1532 3231 1597 3291 in
1646 3229 1840 3290 dena·

352 3334 473 3396 riis
557 3334 770 3419 gentis
829 3333 1124 3395 Liciniae
1184 3333 1527 3394 Stolonum
1555 3375 1572 3407 ,
1651 3342 1718 3392 et
1770 3329 1837 3389 in

330 3455 615 3520 gemma
663 3432 995 3496 Leonardi
1037 3433 1415 3517 Augustini,
1462 3451 1626 3516 quae
1671 3429 1842 3491 sistit

350 3536 553 3599 salios
589 3535 751 3598 duos
805 3534 1057 3600 velatos
1112 3537 1244 3597 ritu
1279 3533 1531 3596 Gabino
1558 3577 1575 3608 ,
1622 3545 1689 3594 et
1723 3551 1840 3592 sex

351 3638 590 3702 ancilia
634 3657 715 3699 ex
765 3650 962 3699 conto
1017 3655 1326 3718 suspensa
1373 3646 1699 3719 gestantes
1751 3632 1836 3713 d).

352 3742 643 3800 Eorum*
672 3757 1052 3820 expressam
1114 3735 1394 3798 formam
1448 3723 1597 3798 vide
1645 3734 1837 3797 etiam

350 3844 421 3901 in
450 3842 684 3902 Museo
720 3836 1109 3899 Florentino
1160 3838 1242 3917 ε).
1398 3827 1404 3834 ’

482 3937 831 4019 Conjicere
895 3938 1122 4011 liceat,
1183 3938 1486 4021 quoniam
1532 3935 1842 4001 Antonini

356 4039 632 4102 historia
673 4038 837 4099 nihil
871 4037 1278 4121 suppeditat,
1326 4037 1501 4123 quod
1538 4025 1703 4101 cum*
1733 4058 1842 4100 an·

357 4141 591 4205 cilibus
612 4152 1059 4222 connectatur,
1092 4139 1265 4201 hunc
1293 4153 1516 4222 typum
1548 4161 1585 4203 a
1621 4157 1843 4202 mone·

360 4242 541 4304 tariis
575 4244 821 4318 lectuln
865 4239 932 4301 in
961 4239 1233 4324 gratia‘m
1261 4239 1513 4300 Aurelii
1551 4238 1845 4302 Caesaris

358 4343 436 4407 ab
470 4344 591 4406 illo
622 4340 928 4424 adoptati.
1009 4341 1114 4403 De
1148 4342 1275 4405 hoc
1307 4340 1708 4425 Capitolinus
1758 4336 1843 4422 ¹):

462 4578 521 4646 a)
562 4574 633 4632 L.
676 4573 746 4630 11.
788 4593 846 4648 p.
885 4584 1108 4646 m.129.

363 4668 419 4737 e)
456 4666 624 4723 Tom.
664 4663 737 4722 11.
766 4659 886 4720 tab.
925 4672 1012 4724 23.
1042 4689 1059 4720 ,-

1256 4572 1323 4647 b)
1359 4572 1419 4630 in
1452 4574 1792 4633 Mamurius.

1160 4660 1211 4734 f)
1253 4664 1313 4719 ἰιι
1351 4663 1426 4722 Μ.
1466 4663 1732 4723 Aurelio.
1802 4713 1805 4716 .

1940 630 2090 674 eum
2134 612 2507 678 Hadrianus
2567 624 2791 689 octavo
2849 619 3087 676 aetatis
3130 637 3301 679 anno
3352 622 3424 678 ia
3475 676 3486 689 ,

1937 717 2246 776 saliorum
2258 717 2594 796 collcqium
2607 717 2842 809 retulit.
2888 717 2968 777 In
2983 719 3226 780 saliatu
3244 739 3425 781 omen

1940 802 2186 916 accepit
2209 818 2481 895 imperii.
2511 814 2829 879 coronas
2868 821 3156 904 omnibus
3187 821 3258 878 iu
3282 821 3428 898 pal·
3475 818 3480 821 ’

1939 910 2130 976 vinar
2155 936 2241 976 ea:
2263 936 2436 979 more
2449 917 2851 994 jacientibus
2883 908 3060 980 aliae
3086 922 3241 979 aliis
3269 922 3429 980 locis

1940 1019 2316 1094 haeserunt,
2348 1021 2538 1096 husus
2562 1021 2737 1081 velut
2750 1039 2946 1081 manu
2972 1039 3114 1097 cape
3108 1022 3176 1079 ti
3196 1022 3428 1080 Martis

1942 1127 2167 1195 aptata
2184 1128 2298 1179 est.
2345 1122 2538 1181 Fuit
2511 1141 2580 1180 m
2597 1140 2670 1182 eo
2692 1120 3048 1181 sacerdotio
3071 1132 3135 1180 ct
3141 1124 3425 1198 praesul

1943 1228 2006 1278 et
2031 1228 2245 1292 vates,
2270 1230 2336 1279 et
2361 1224 2701 1315 maqistcr,
2738 1228 2802 1281 et
2815 1222 3046 1281 maltos
3079 1220 3437 1311 inaaqura·

1942 1321 2054 1393 vit,
2073 1328 2139 1380 ct
2157 1316 3222 1412 exauguravitacmincpraccunto,
3262 1326 3438 1403 qaod

1946 1423 2083 1499 ipsc
2097 1424 2385 1481 carmina
2407 1431 2633 1481 cuncta
2646 1424 2998 1482 didicisset.
3027 1420 3196 1482 Fuit
3214 1433 3436 1483 autem

1948 1518 2259 1586 saliorum
2308 1540 2542 1612 munus
2580 1533 2647 1582 et
2679 1540 2978 1596 movere,
3025 1534 3092 1583 et
3142 1511 3432 1629 condere

1948 1620 2199 1682 ancilia.
2283 1620 2465 1681 Fieri
2511 1633 2799 1703 poterat,
2861 1636 2968 1698 ut,
3030 1612 3195 1705 quae
3243 1641 3434 1685 causa

1948 1719 2140 1800 hujus
2189 1721 2325 1806 typi
2362 1740 2505 1782 esse
2536 1722 2782 1804 potuit,
2844 1722 3195 1805 peculiaris
3241 1743 3440 1808 quae-

1950 1821 2095 1883 dam
2167 1822 2565 1907 caerimonia
2653 1821 2735 1884 ad
2801 1823 3036 1886 ancilia
3101 1823 3441 1905 pertinens

1950 1919 2122 1984 circa
2187 1922 2366 1984 istud
2423 1939 2676 2006 tempus
2714 1935 3185 2015 perageretur,
3250 1922 3436 2005 cujus

1948 2022 2113 2085 adeo
2195 2024 2407 2087 honos
2467 2023 2546 2085 ad
2625 2037 2975 2104 utrumque
3037 2023 3437 2085 Antoninum

1952 2123 2315 2205 spectabat,
2392 2123 2475 2185 ad
2517 2126 2813 2185 Marcum
2858 2122 3121 2184 saliatus
3173 2144 3438 2206 praesu-

1949 2224 2123 2300 lem,
2171 2236 2238 2285 et
2272 2223 2465 2284 Pium
2505 2226 2870 2306 Augustum
2910 2235 3138 2305 utpote
3178 2223 3437 2306 pontifi·

1950 2344 2093 2386 cem
2141 2323 2533 2412 maximumj
2578 2329 2726 2385 na‘m
2765 2344 2943 2384 arma
2982 2324 3242 2400 Martis,
3294 2328 3436 2389 sive

1951 2424 2182 2486 ancilia
2221 2444 2303 2487 ex
2323 2425 2618 2486 instituto
2640 2423 2954 2507 majorum
2987 2443 3247 2507 semper
3266 2425 3439 2508 apud

1951 2546 2276 2588 summum
2337 2521 2716 2609 pontificem
2770 2523 3231 2601 servabantur,
3295 2526 3437 2609 ipse

1956 2624 2112 2689 vero
2137 2634 2304 2688 teste
2343 2625 2708 2709 Capitolino
2746 2624 2999 2686 nullum
3042 2620 3437 2687 sacrificium

1950 2746 2073 2809 per
2102 2726 2414 2790 vicarium
2457 2725 2650 2800 fecit,
2695 2724 2820 2785 nisi
2870 2727 3019 2791 cum
3055 2729 3256 2808 'aeger
3287 2727 3440 2787 fuit.

1956 2826 2089 2888 Sed
2125 2840 2192 2915 et
2230 2826 2392 2890 lecti
2416 2822 2609 2910 hujus
2645 2825 2784 2909 t'ypi
2818 2834 3009 2889 causa
3044 2846 3190 2887 esse
3226 2816 3440 2909 potuit

1953 2941 2146 2990 notus
2179 2926 2491 2991 Antonini
2535 2927 2602 2989 in
2650 2947 2758 2989 res
2789 2925 2969 3012 urbis
3017 2941 3277 2990 veteres
3321 2927 3438 2991 'sd-

1952 3030 2166 3092 fcctus
2186 3073 2203 3104 ,
2248 3028 2331 3089 de
2364 3049 2492 3113 quo
2519 3050 2785 3112 agemus
2814 3028 2994 3089 infra
3017 3042 3166 3110 post
3195 3028 3434 3091 seriem

1956 3129 2486 3212 chronologicam
2521 3127 2868 3191 numorum
2905 3129 3236 3191 Antonini.

2677 3228 2716 3268 *
2803 3259 2810 3266 .

2843 3273 2879 3310 0

2248 3334 2332 3392 Vt
2372 3333 2467 3391 lia
2508 3333 2591 3392 A.

1954 3432 2393 3497 APOLLINI.
2431 3429 2870 3496 AVGVSTo.
2913 3433 3146 3508 Apollo
3185 3441 3440 3511 loqutus

1954 3546 2132 3596 stans
2171 3538 2232 3594 d.
2256 3544 2588 3612 pateram,
2646 3553 2697 3591 s.
2729 3534 2954 3610 lyram.
3000 3533 3138 3599 AV.
3203 3532 3439 3613 (Thes.

1951 3634 2224 3713 Brand.)
2302 3636 2436 3694 AR.
2503 3643 2568 3694 et
2610 3636 2832 3693 addito
2909 3631 2975 3691 S.
3040 3633 3111 3696 C.
3190 3636 3327 3694 AE.
3387 3637 3436 3697 1.

1957 3739 2157 3815 (Mus.
2207 3735 2425 3811 Caes.)
3123 3723 3132 3730 ”

2082 3835 2324 3919 Apollo
2375 3835 2443 3895 in
2487 3833 2588 3894 his
2632 3821 2845 3894 numis
2904 3851 3323 3915 comparens,
3368 3846 3444 3896 ut

1957 3937 2170 4000 cultus
2219 3936 2446 4018 docet,
2493 3934 2718 3997 Actius
2760 3920 2861 3995 est
2893 3939 3134 4015 'magns
3171 3932 3327 3992 inde
3355 3932 3437 3994 ab

1958 4039 2251 4152 Augusto
2301 4036 2382 4097 ab
2418 4031 2921 4118 imperatoribus
2960 4031 3043 4093 ob
3075 4031 3318 4094 victum
3354 4031 3436 4093 ‘ad

1955 4137 2239 4201 vicinum
2274 4135 2461 4217 ejus
2531 4135 2846 4217 templum
2920 4135 3018 4193 Μ.
3082 4132 3435 4194 Antonium

1957 4239 2282 4323 religione
2321 4235 2733 4309 observatus,
2781 4253 2855 4295 ac
2900 4243 3249 4336 propterea
3292 4233 3438 4316 jure

1959 4346 2248 4423 Augusto
2285 4336 2551 4399 nomine
2589 4333 2954 4450 decoratus.

1943 4575 2006 4646 c)
2041 4572 2104 4631 in
2127 4571 2335 4631 Numa.
2484 4566 2553 4641 d)
2594 4568 2818 4625 Gemm.
2850 4578 2965 4626 ant.
2994 4559 3130 4627 P.‘1'.
3171 4565 3291 4625 tab.
3315 4576 3436 4629 152.
