<?xml version="1.0" encoding="UTF-8"?>
<!DOCTYPE html PUBLIC "-//W3C//DTD XHTML 1.0 Transitional//EN"
    "http://www.w3.org/TR/xhtml1/DTD/xhtml1-transitional.dtd">
<html xmlns="http://www.w3.org/1999/xhtml" xml:lang="en" lang="en">
 <head>
  <title>
</title>
<meta http-equiv="Content-Type" content="text/html;charset=utf-8" />
  <meta name='ocr-system' content='tesseract 3.04.00' />
  <meta name='ocr-capabilities' content='ocr_page ocr_carea ocr_par ocr_line ocrx_word'/>
</head>
<body>
  <div class='ocr_page' id='page_1' title='image "./doctrinanumorum05hohlgoog_0072.png"; bbox 0 0 4652 5937; ppageno 0'>
   <div class='ocr_carea' id='block_1_1' title="bbox 1316 449 3747 557">
    <p class='ocr_par' dir='ltr' id='par_1_1' title="bbox 1316 449 3747 557">
     <span class='ocr_line' id='line_1_1' title="bbox 1316 449 3747 557; baseline -0.006 -16"><span class='ocrx_word' id='word_1_1' title='bbox 1316 489 1433 553; x_wconf 70' lang='lat'>53.</span> <span class='ocrx_word' id='word_1_2' title='bbox 2044 463 2154 534; x_wconf 61' lang='lat' dir='ltr'>M.⁴</span> <span class='ocrx_word' id='word_1_3' title='bbox 2245 453 2867 530; x_wconf 73' lang='lat' dir='ltr'>Avssssmvs</span> <span class='ocrx_word' id='word_1_4' title='bbox 2967 449 3747 557; x_wconf 51' lang='lat' dir='ltr'>ANTonvs„</span> 
     </span>
    </p>
   </div>
   <div class='ocr_carea' id='block_1_2' title="bbox 1313 634 4421 734">
    <p class='ocr_par' dir='ltr' id='par_1_2' title="bbox 1313 634 4421 734">
     <span class='ocr_line' id='line_1_2' title="bbox 1313 634 4421 734; baseline -0.006 -20"><span class='ocrx_word' id='word_1_5' title='bbox 1313 652 1559 725; x_wconf 86' lang='lat' dir='ltr'>exiret,</span> <span class='ocrx_word' id='word_1_6' title='bbox 1617 646 1794 734; x_wconf 84' lang='lat' dir='ltr'>quod</span> <span class='ocrx_word' id='word_1_7' title='bbox 1844 645 2209 710; x_wconf 78' lang='lat' dir='ltr'>institutum</span> <span class='ocrx_word' id='word_1_8' title='bbox 2271 655 2420 707; x_wconf 82' lang='lat' dir='ltr'>ante</span> <span class='ocrx_word' id='word_1_9' title='bbox 2470 640 2803 705; x_wconf 81' lang='lat' dir='ltr'>biennium</span> <span class='ocrx_word' id='word_1_10' title='bbox 2916 641 2991 702; x_wconf 81' lang='lat' dir='ltr'>P.</span> <span class='ocrx_word' id='word_1_11' title='bbox 3012 641 3091 700; x_wconf 93' lang='lat' dir='ltr'>X.</span> <span class='ocrx_word' id='word_1_12' title='bbox 3125 660 3231 716; x_wconf 82' lang='lat'>¹7¹</span> <span class='ocrx_word' id='word_1_13' title='bbox 3275 638 3483 700; x_wconf 86' lang='lat' dir='ltr'>durat.</span> <span class='ocrx_word' id='word_1_14' title='bbox 3538 639 3784 723; x_wconf 80' lang='lat' dir='ltr'><strong>Igitur,</strong></span> <span class='ocrx_word' id='word_1_15' title='bbox 3817 656 3898 703; x_wconf 80' lang='lat' dir='ltr'>ex</span> <span class='ocrx_word' id='word_1_16' title='bbox 3928 634 4280 719; x_wconf 80' lang='lat' dir='ltr'>praeclari</span> <span class='ocrx_word' id='word_1_17' title='bbox 4320 635 4421 696; x_wconf 81' lang='lat' dir='ltr'>hu-</span> 
     </span>
    </p>
   </div>
   <div class='ocr_carea' id='block_1_3' title="bbox 1304 749 1845 838">
    <p class='ocr_par' dir='ltr' id='par_1_3' title="bbox 1304 749 1845 838">
     <span class='ocr_line' id='line_1_3' title="bbox 1304 749 1845 838; baseline -0.011 -21"><span class='ocrx_word' id='word_1_18' title='bbox 1304 771 1566 838; x_wconf 74' lang='lat' dir='ltr'>quoque</span> <span class='ocrx_word' id='word_1_19' title='bbox 1616 749 1845 813; x_wconf 85' lang='lat' dir='ltr'>tenuit.</span> 
     </span>
    </p>
   </div>
   <div class='ocr_carea' id='block_1_4' title="bbox 2040 849 2246 929">
    <p class='ocr_par' dir='ltr' id='par_1_4' title="bbox 2040 849 2246 929">
     <span class='ocr_line' id='line_1_4' title="bbox 2040 849 2246 929; baseline -0.005 1"><span class='ocrx_word' id='word_1_20' title='bbox 2040 849 2078 888; x_wconf 68' lang='lat'>⁸*</span> <span class='ocrx_word' id='word_1_21' title='bbox 2207 889 2246 929; x_wconf 70' lang='lat' dir='ltr'>ue</span> 
     </span>
    </p>
   </div>
   <div class='ocr_carea' id='block_1_5' title="bbox 1200 895 2812 4578">
    <p class='ocr_par' dir='ltr' id='par_1_5' title="bbox 1200 895 2808 1443">
     <span class='ocr_line' id='line_1_5' title="bbox 1876 895 1915 932; baseline 0 0"><span class='ocrx_word' id='word_1_22' title='bbox 1876 895 1915 932; x_wconf 68' lang='grc' dir='ltr'>ιιι</span> 
     </span>
     <span class='ocr_line' id='line_1_6' title="bbox 1307 956 2168 1015; baseline -0.009 1"><span class='ocrx_word' id='word_1_23' title='bbox 1307 998 1311 999; x_wconf 26' lang='lat' dir='ltr'><em>ff</em></span> <span class='ocrx_word' id='word_1_24' title='bbox 1587 956 1832 1015; x_wconf 83' lang='lat' dir='ltr'>Eadem</span> <span class='ocrx_word' id='word_1_25' title='bbox 1875 956 2168 1014; x_wconf 77' lang='lat' dir='ltr'>adversa.</span> 
     </span>
     <span class='ocr_line' id='line_1_7' title="bbox 1200 1046 2805 1132; baseline -0.009 -11"><span class='ocrx_word' id='word_1_26' title='bbox 1200 1126 1207 1132; x_wconf 59' lang='grc'>,</span> <span class='ocrx_word' id='word_1_27' title='bbox 1313 1052 1848 1120; x_wconf 80' lang='lat' dir='ltr'><strong>PROFECTIO.</strong></span> <span class='ocrx_word' id='word_1_28' title='bbox 1915 1053 2116 1119; x_wconf 84' lang='lat' dir='ltr'><strong>AVG.</strong></span> <span class='ocrx_word' id='word_1_29' title='bbox 2175 1049 2365 1114; x_wconf 86' lang='lat' dir='ltr'><strong>COS.</strong></span> <span class='ocrx_word' id='word_1_30' title='bbox 2424 1048 2565 1108; x_wconf 86' lang='lat'>1111.</span> <span class='ocrx_word' id='word_1_31' title='bbox 2603 1046 2677 1108; x_wconf 79' lang='lat' dir='ltr'>S.</span> <span class='ocrx_word' id='word_1_32' title='bbox 2730 1046 2805 1108; x_wconf 91' lang='lat' dir='ltr'>C.</span> 
     </span>
     <span class='ocr_line' id='line_1_8' title="bbox 1311 1151 2808 1237; baseline -0.009 -16"><span class='ocrx_word' id='word_1_33' title='bbox 1311 1163 1657 1237; x_wconf 79' lang='lat' dir='ltr'><em>Imperator</em></span> <span class='ocrx_word' id='word_1_34' title='bbox 1687 1177 1875 1237; x_wconf 78' lang='lat' dir='ltr'>eques</span> <span class='ocrx_word' id='word_1_35' title='bbox 1903 1159 1966 1218; x_wconf 81' lang='lat' dir='ltr'>d.</span> <span class='ocrx_word' id='word_1_36' title='bbox 1983 1158 2235 1215; x_wconf 70' lang='lat' dir='ltr'>hastam</span> <span class='ocrx_word' id='word_1_37' title='bbox 2259 1152 2679 1231; x_wconf 78' lang='lat' dir='ltr'><em>praecedente</em></span> <span class='ocrx_word' id='word_1_38' title='bbox 2692 1151 2808 1209; x_wconf 78' lang='lat' dir='ltr'>mi-</span> 
     </span>
     <span class='ocr_line' id='line_1_9' title="bbox 1305 1251 2806 1339; baseline -0.009 -15"><span class='ocrx_word' id='word_1_39' title='bbox 1305 1265 1453 1333; x_wconf 71' lang='lat' dir='ltr'>lite,</span> <span class='ocrx_word' id='word_1_40' title='bbox 1501 1260 1705 1320; x_wconf 73' lang='lat' dir='ltr'>tribua</span> <span class='ocrx_word' id='word_1_41' title='bbox 1752 1260 2178 1339; x_wconf 73' lang='lat' dir='ltr'>sequentibus.</span> <span class='ocrx_word' id='word_1_42' title='bbox 2257 1253 2400 1317; x_wconf 83' lang='lat' dir='ltr'>AE.</span> <span class='ocrx_word' id='word_1_43' title='bbox 2441 1251 2589 1314; x_wconf 79' lang='lat' dir='ltr'>fere</span> <span class='ocrx_word' id='word_1_44' title='bbox 2637 1270 2806 1312; x_wconf 87' lang='lat' dir='ltr'>max.</span> 
     </span>
     <span class='ocr_line' id='line_1_10' title="bbox 1300 1357 2111 1443; baseline -0.006 -20"><span class='ocrx_word' id='word_1_45' title='bbox 1300 1360 1481 1423; x_wconf 85' lang='lat' dir='ltr'>mod.</span> <span class='ocrx_word' id='word_1_46' title='bbox 1546 1360 1747 1438; x_wconf 79' lang='lat' dir='ltr'>(Mus.</span> <span class='ocrx_word' id='word_1_47' title='bbox 1790 1357 2012 1438; x_wconf 85' lang='lat' dir='ltr'>Caes.)</span> <span class='ocrx_word' id='word_1_48' title='bbox 2106 1439 2111 1443; x_wconf 46' lang='lat'>‚</span> 
     </span>
    </p>

    <p class='ocr_par' dir='ltr' id='par_1_6' title="bbox 1247 1453 2812 4578">
     <span class='ocr_line' id='line_1_11' title="bbox 1343 1453 2809 1542; baseline -0.009 -17"><span class='ocrx_word' id='word_1_49' title='bbox 1343 1519 1348 1525; x_wconf 84' lang='grc'><strong><em>,</em></strong></span> <span class='ocrx_word' id='word_1_50' title='bbox 1378 1518 1390 1530; x_wconf 74' lang='grc'>,</span> <span class='ocrx_word' id='word_1_51' title='bbox 1434 1459 1682 1542; x_wconf 82' lang='lat' dir='ltr'>Insigni</span> <span class='ocrx_word' id='word_1_52' title='bbox 1717 1459 1845 1521; x_wconf 89' lang='lat' dir='ltr'>hoc</span> <span class='ocrx_word' id='word_1_53' title='bbox 1885 1477 2081 1520; x_wconf 87' lang='lat' dir='ltr'>numo</span> <span class='ocrx_word' id='word_1_54' title='bbox 2117 1456 2346 1525; x_wconf 66' lang='lat' dir='ltr'>motari</span> <span class='ocrx_word' id='word_1_55' title='bbox 2380 1453 2607 1537; x_wconf 83' lang='lat' dir='ltr'>nequit</span> <span class='ocrx_word' id='word_1_56' title='bbox 2656 1471 2809 1536; x_wconf 82' lang='lat' dir='ltr'>pro·</span> 
     </span>
     <span class='ocr_line' id='line_1_12' title="bbox 1306 1551 2808 1643; baseline -0.008 -19"><span class='ocrx_word' id='word_1_57' title='bbox 1306 1562 1549 1635; x_wconf 81' lang='lat' dir='ltr'>sectio,</span> <span class='ocrx_word' id='word_1_58' title='bbox 1633 1581 1825 1643; x_wconf 88' lang='lat' dir='ltr'>quam</span> <span class='ocrx_word' id='word_1_59' title='bbox 1874 1559 2184 1620; x_wconf 80' lang='lat' dir='ltr'>Aurelius</span> <span class='ocrx_word' id='word_1_60' title='bbox 2248 1578 2332 1620; x_wconf 84' lang='lat' dir='ltr'>ex</span> <span class='ocrx_word' id='word_1_61' title='bbox 2399 1551 2808 1617; x_wconf 83' lang='lat' dir='ltr'>Tillemontii</span> 
     </span>
     <span class='ocr_line' id='line_1_13' title="bbox 1307 1653 2808 1742; baseline -0.004 -18"><span class='ocrx_word' id='word_1_62' title='bbox 1307 1660 1630 1725; x_wconf 85' lang='lat' dir='ltr'>sententia</span> <span class='ocrx_word' id='word_1_63' title='bbox 1664 1659 1813 1720; x_wconf 88' lang='lat' dir='ltr'>anni</span> <span class='ocrx_word' id='word_1_64' title='bbox 1844 1658 2037 1740; x_wconf 82' lang='lat' dir='ltr'>hujus</span> <span class='ocrx_word' id='word_1_65' title='bbox 2073 1658 2400 1742; x_wconf 86' lang='lat' dir='ltr'>principio</span> <span class='ocrx_word' id='word_1_66' title='bbox 2435 1653 2808 1719; x_wconf 79' lang='lat' dir='ltr'>cumfratre</span> 
     </span>
     <span class='ocr_line' id='line_1_14' title="bbox 1307 1753 2809 1840; baseline -0.005 -17"><span class='ocrx_word' id='word_1_67' title='bbox 1307 1763 1377 1823; x_wconf 89' lang='lat' dir='ltr'>in</span> <span class='ocrx_word' id='word_1_68' title='bbox 1423 1762 1837 1823; x_wconf 79' lang='lat' dir='ltr'>Germaniam</span> <span class='ocrx_word' id='word_1_69' title='bbox 1900 1760 2215 1838; x_wconf 66' lang='lat' dir='ltr'>instituit}</span> <span class='ocrx_word' id='word_1_70' title='bbox 2293 1780 2446 1821; x_wconf 85' lang='lat' dir='ltr'>nam</span> <span class='ocrx_word' id='word_1_71' title='bbox 2498 1753 2809 1840; x_wconf 78' lang='lat' dir='ltr'>quamdiu</span> 
     </span>
     <span class='ocr_line' id='line_1_15' title="bbox 1301 1858 2811 1937; baseline -0.007 -11"><span class='ocrx_word' id='word_1_72' title='bbox 1301 1865 1359 1926; x_wconf 88' lang='lat' dir='ltr'>is</span> <span class='ocrx_word' id='word_1_73' title='bbox 1400 1866 1469 1925; x_wconf 90' lang='lat' dir='ltr'>in</span> <span class='ocrx_word' id='word_1_74' title='bbox 1502 1863 1664 1926; x_wconf 81' lang='lat' dir='ltr'>vivis</span> <span class='ocrx_word' id='word_1_75' title='bbox 1707 1874 1884 1937; x_wconf 85' lang='lat' dir='ltr'>erat,</span> <span class='ocrx_word' id='word_1_76' title='bbox 1928 1861 2135 1923; x_wconf 87' lang='lat' dir='ltr'>titulis</span> <span class='ocrx_word' id='word_1_77' title='bbox 2151 1858 2526 1922; x_wconf 82' lang='lat' dir='ltr'>Armeniaci</span> <span class='ocrx_word' id='word_1_78' title='bbox 2566 1870 2633 1918; x_wconf 91' lang='lat' dir='ltr'>et</span> <span class='ocrx_word' id='word_1_79' title='bbox 2652 1859 2811 1919; x_wconf 88' lang='lat' dir='ltr'>Par·</span> 
     </span>
     <span class='ocr_line' id='line_1_16' title="bbox 1312 1957 2809 2045; baseline -0.005 -21"><span class='ocrx_word' id='word_1_80' title='bbox 1312 1965 1475 2026; x_wconf 85' lang='lat' dir='ltr'>thici</span> <span class='ocrx_word' id='word_1_81' title='bbox 1514 1976 1889 2027; x_wconf 82' lang='lat' dir='ltr'>constanter</span> <span class='ocrx_word' id='word_1_82' title='bbox 1924 1984 2076 2025; x_wconf 86' lang='lat' dir='ltr'>usus</span> <span class='ocrx_word' id='word_1_83' title='bbox 2113 1975 2250 2036; x_wconf 87' lang='lat' dir='ltr'>est,</span> <span class='ocrx_word' id='word_1_84' title='bbox 2313 1960 2426 2045; x_wconf 88' lang='lat' dir='ltr'>qui</span> <span class='ocrx_word' id='word_1_85' title='bbox 2468 1958 2703 2020; x_wconf 77' lang='lat' dir='ltr'>desunt</span> <span class='ocrx_word' id='word_1_86' title='bbox 2740 1957 2809 2017; x_wconf 92' lang='lat' dir='ltr'>in</span> 
     </span>
     <span class='ocr_line' id='line_1_17' title="bbox 1302 2064 2812 2148; baseline -0.003 -24"><span class='ocrx_word' id='word_1_87' title='bbox 1302 2064 1433 2128; x_wconf 87' lang='lat' dir='ltr'>hoc</span> <span class='ocrx_word' id='word_1_88' title='bbox 1467 2085 1690 2140; x_wconf 89' lang='lat' dir='ltr'>numo,</span> <span class='ocrx_word' id='word_1_89' title='bbox 1740 2082 2032 2148; x_wconf 85' lang='lat' dir='ltr'>quosque</span> <span class='ocrx_word' id='word_1_90' title='bbox 2065 2082 2144 2124; x_wconf 88' lang='lat' dir='ltr'>eo</span> <span class='ocrx_word' id='word_1_91' title='bbox 2179 2074 2464 2136; x_wconf 83' lang='lat' dir='ltr'>mortuo,</span> <span class='ocrx_word' id='word_1_92' title='bbox 2510 2074 2812 2144; x_wconf 83' lang='lat' dir='ltr'>tanquam</span> 
     </span>
     <span class='ocr_line' id='line_1_18' title="bbox 1300 2160 2809 2247; baseline -0.006 -19"><span class='ocrx_word' id='word_1_93' title='bbox 1300 2166 1416 2232; x_wconf 85' lang='lat' dir='ltr'>uni</span> <span class='ocrx_word' id='word_1_94' title='bbox 1473 2170 1654 2232; x_wconf 85' lang='lat' dir='ltr'>Vero</span> <span class='ocrx_word' id='word_1_95' title='bbox 1715 2164 1864 2247; x_wconf 87' lang='lat' dir='ltr'>jure</span> <span class='ocrx_word' id='word_1_96' title='bbox 1933 2162 2233 2241; x_wconf 76' lang='lat' dir='ltr'>debitos,</span> <span class='ocrx_word' id='word_1_97' title='bbox 2310 2164 2488 2225; x_wconf 82' lang='lat' dir='ltr'>ultro</span> <span class='ocrx_word' id='word_1_98' title='bbox 2545 2160 2809 2242; x_wconf 81' lang='lat' dir='ltr'>abjecit,</span> 
     </span>
     <span class='ocr_line' id='line_1_19' title="bbox 1304 2262 2809 2348; baseline -0.006 -18"><span class='ocrx_word' id='word_1_99' title='bbox 1304 2283 1377 2330; x_wconf 89' lang='lat' dir='ltr'>ut</span> <span class='ocrx_word' id='word_1_100' title='bbox 1435 2266 1615 2329; x_wconf 89' lang='lat' dir='ltr'>numi</span> <span class='ocrx_word' id='word_1_101' title='bbox 1661 2267 1856 2348; x_wconf 83' lang='lat' dir='ltr'>plene</span> <span class='ocrx_word' id='word_1_102' title='bbox 1919 2265 2194 2345; x_wconf 85' lang='lat' dir='ltr'>docent,</span> <span class='ocrx_word' id='word_1_103' title='bbox 2268 2280 2466 2346; x_wconf 84' lang='lat' dir='ltr'>atque</span> <span class='ocrx_word' id='word_1_104' title='bbox 2516 2262 2686 2324; x_wconf 71' lang='lat' dir='ltr'>infra</span> <span class='ocrx_word' id='word_1_105' title='bbox 2746 2262 2809 2322; x_wconf 77' lang='lat' dir='ltr'>in</span> 
     </span>
     <span class='ocr_line' id='line_1_20' title="bbox 1303 2363 2808 2431; baseline -0.007 0"><span class='ocrx_word' id='word_1_106' title='bbox 1303 2370 1407 2431; x_wconf 85' lang='lat' dir='ltr'>his</span> <span class='ocrx_word' id='word_1_107' title='bbox 1461 2368 1669 2429; x_wconf 82' lang='lat' dir='ltr'>titulis</span> <span class='ocrx_word' id='word_1_108' title='bbox 1732 2366 2001 2430; x_wconf 84' lang='lat' dir='ltr'>uberius</span> <span class='ocrx_word' id='word_1_109' title='bbox 2063 2363 2487 2428; x_wconf 72' lang='lat' dir='ltr'>confirmabo.</span> <span class='ocrx_word' id='word_1_110' title='bbox 2565 2364 2808 2424; x_wconf 83' lang='lat' dir='ltr'>Mirum</span> 
     </span>
     <span class='ocr_line' id='line_1_21' title="bbox 1310 2463 2812 2549; baseline -0.007 -15"><span class='ocrx_word' id='word_1_111' title='bbox 1310 2471 1506 2534; x_wconf 88' lang='lat' dir='ltr'>etiam</span> <span class='ocrx_word' id='word_1_112' title='bbox 1552 2468 1930 2544; x_wconf 82' lang='lat' dir='ltr'>videretur,</span> <span class='ocrx_word' id='word_1_113' title='bbox 1987 2466 2042 2528; x_wconf 85' lang='lat' dir='ltr'>si</span> <span class='ocrx_word' id='word_1_114' title='bbox 2090 2465 2172 2528; x_wconf 87' lang='lat' dir='ltr'>ad</span> <span class='ocrx_word' id='word_1_115' title='bbox 2208 2465 2551 2549; x_wconf 82' lang='lat' dir='ltr'>utriusque</span> <span class='ocrx_word' id='word_1_116' title='bbox 2590 2463 2812 2547; x_wconf 85' lang='lat' dir='ltr'>Augu·</span> 
     </span>
     <span class='ocr_line' id='line_1_22' title="bbox 1301 2567 2806 2655; baseline -0.006 -22"><span class='ocrx_word' id='word_1_117' title='bbox 1301 2571 1390 2633; x_wconf 84' lang='lat' dir='ltr'>sti</span> <span class='ocrx_word' id='word_1_118' title='bbox 1430 2568 1910 2655; x_wconf 83' lang='lat' dir='ltr'>profectionem</span> <span class='ocrx_word' id='word_1_119' title='bbox 1935 2590 2170 2630; x_wconf 85' lang='lat' dir='ltr'>numus</span> <span class='ocrx_word' id='word_1_120' title='bbox 2184 2567 2574 2652; x_wconf 84' lang='lat' dir='ltr'>pertineret,</span> <span class='ocrx_word' id='word_1_121' title='bbox 2607 2585 2806 2626; x_wconf 87' lang='lat' dir='ltr'>unum</span> 
     </span>
     <span class='ocr_line' id='line_1_23' title="bbox 1304 2666 2811 2754; baseline -0.006 -19"><span class='ocrx_word' id='word_1_122' title='bbox 1304 2687 1554 2735; x_wconf 79' lang='lat' dir='ltr'>tantum</span> <span class='ocrx_word' id='word_1_123' title='bbox 1608 2672 1971 2754; x_wconf 81' lang='lat' dir='ltr'>Augustum</span> <span class='ocrx_word' id='word_1_124' title='bbox 2022 2669 2310 2754; x_wconf 80' lang='lat' dir='ltr'>equitem</span> <span class='ocrx_word' id='word_1_125' title='bbox 2360 2667 2431 2729; x_wconf 91' lang='lat' dir='ltr'>in</span> <span class='ocrx_word' id='word_1_126' title='bbox 2488 2687 2569 2730; x_wconf 89' lang='lat' dir='ltr'>eo</span> <span class='ocrx_word' id='word_1_127' title='bbox 2626 2666 2811 2729; x_wconf 84' lang='lat' dir='ltr'>exhi·</span> 
     </span>
     <span class='ocr_line' id='line_1_24' title="bbox 1301 2768 2805 2858; baseline -0.003 -22"><span class='ocrx_word' id='word_1_128' title='bbox 1301 2774 1469 2836; x_wconf 87' lang='lat' dir='ltr'>beri.</span> <span class='ocrx_word' id='word_1_129' title='bbox 1544 2773 1947 2858; x_wconf 86' lang='lat' dir='ltr'>Intelligitur</span> <span class='ocrx_word' id='word_1_130' title='bbox 2001 2791 2162 2853; x_wconf 80' lang='lat' dir='ltr'>ergo</span> <span class='ocrx_word' id='word_1_131' title='bbox 2219 2771 2427 2832; x_wconf 87' lang='lat' dir='ltr'>altera</span> <span class='ocrx_word' id='word_1_132' title='bbox 2465 2768 2805 2853; x_wconf 77' lang='lat' dir='ltr'>expeditio</span> 
     </span>
     <span class='ocr_line' id='line_1_25' title="bbox 1303 2870 2802 2956; baseline -0.005 -18"><span class='ocrx_word' id='word_1_133' title='bbox 1303 2877 1384 2938; x_wconf 88' lang='lat' dir='ltr'>ab</span> <span class='ocrx_word' id='word_1_134' title='bbox 1419 2875 1702 2937; x_wconf 62' lang='lat' dir='ltr'>&#39;Aurelio</span> <span class='ocrx_word' id='word_1_135' title='bbox 1775 2874 1919 2935; x_wconf 82' lang='lat' dir='ltr'>solo</span> <span class='ocrx_word' id='word_1_136' title='bbox 1965 2886 2115 2956; x_wconf 90' lang='lat' dir='ltr'>post</span> <span class='ocrx_word' id='word_1_137' title='bbox 2172 2870 2397 2932; x_wconf 80' lang='lat' dir='ltr'>fratris</span> <span class='ocrx_word' id='word_1_138' title='bbox 2460 2890 2802 2932; x_wconf 79' lang='lat' dir='ltr'>excessum</span> 
     </span>
     <span class='ocr_line' id='line_1_26' title="bbox 1304 2972 2803 3059; baseline -0.004 -20"><span class='ocrx_word' id='word_1_139' title='bbox 1304 2978 1374 3059; x_wconf 84' lang='lat' dir='ltr'>in</span> <span class='ocrx_word' id='word_1_140' title='bbox 1412 2977 1831 3040; x_wconf 84' lang='lat' dir='ltr'>Germaniam</span> <span class='ocrx_word' id='word_1_141' title='bbox 1869 2987 2192 3057; x_wconf 81' lang='lat' dir='ltr'>suscepta.</span> <span class='ocrx_word' id='word_1_142' title='bbox 2240 2973 2376 3035; x_wconf 84' lang='lat' dir='ltr'>Sed</span> <span class='ocrx_word' id='word_1_143' title='bbox 2408 2986 2589 3056; x_wconf 89' lang='lat' dir='ltr'>patet</span> <span class='ocrx_word' id='word_1_144' title='bbox 2609 2972 2803 3034; x_wconf 87' lang='lat' dir='ltr'>etiam</span> 
     </span>
     <span class='ocr_line' id='line_1_27' title="bbox 1303 3074 2806 3159; baseline -0.005 -17"><span class='ocrx_word' id='word_1_145' title='bbox 1303 3101 1388 3142; x_wconf 81' lang='lat' dir='ltr'>ex</span> <span class='ocrx_word' id='word_1_146' title='bbox 1423 3079 1552 3141; x_wconf 85' lang='lat' dir='ltr'>hoc</span> <span class='ocrx_word' id='word_1_147' title='bbox 1596 3098 1825 3154; x_wconf 87' lang='lat' dir='ltr'>numo,</span> <span class='ocrx_word' id='word_1_148' title='bbox 1888 3096 2024 3138; x_wconf 89' lang='lat' dir='ltr'>eam</span> <span class='ocrx_word' id='word_1_149' title='bbox 2076 3074 2558 3159; x_wconf 84' lang='lat' dir='ltr'>profectionem</span> <span class='ocrx_word' id='word_1_150' title='bbox 2603 3096 2638 3136; x_wconf 88' lang='lat' dir='ltr'>a</span> <span class='ocrx_word' id='word_1_151' title='bbox 2670 3074 2806 3135; x_wconf 88' lang='lat' dir='ltr'>Til·</span> 
     </span>
     <span class='ocr_line' id='line_1_28' title="bbox 1312 3174 2807 3262; baseline -0.003 -21"><span class='ocrx_word' id='word_1_152' title='bbox 1312 3180 1633 3242; x_wconf 87' lang='lat' dir='ltr'>lemontio</span> <span class='ocrx_word' id='word_1_153' title='bbox 1689 3180 1837 3262; x_wconf 85' lang='lat' dir='ltr'>plus</span> <span class='ocrx_word' id='word_1_154' title='bbox 1879 3177 2055 3260; x_wconf 86' lang='lat' dir='ltr'>justo</span> <span class='ocrx_word' id='word_1_155' title='bbox 2115 3174 2406 3250; x_wconf 77' lang='lat' dir='ltr'>differri,</span> <span class='ocrx_word' id='word_1_156' title='bbox 2483 3196 2632 3238; x_wconf 90' lang='lat' dir='ltr'>cum</span> <span class='ocrx_word' id='word_1_157' title='bbox 2695 3175 2807 3249; x_wconf 79' lang='lat' dir='ltr'>ait,</span> 
     </span>
     <span class='ocr_line' id='line_1_29' title="bbox 1308 3272 2809 3343; baseline -0.007 0"><span class='ocrx_word' id='word_1_158' title='bbox 1308 3282 1589 3343; x_wconf 75' lang='lat' dir='ltr'>exivisse</span> <span class='ocrx_word' id='word_1_159' title='bbox 1637 3278 1977 3341; x_wconf 83' lang='lat' dir='ltr'>Aurelium</span> <span class='ocrx_word' id='word_1_160' title='bbox 2030 3290 2178 3337; x_wconf 88' lang='lat' dir='ltr'>ante</span> <span class='ocrx_word' id='word_1_161' title='bbox 2232 3272 2406 3335; x_wconf 86' lang='lat' dir='ltr'>diem</span> <span class='ocrx_word' id='word_1_162' title='bbox 2449 3275 2591 3341; x_wconf 86' lang='lat' dir='ltr'>VII.</span> <span class='ocrx_word' id='word_1_163' title='bbox 2636 3276 2809 3334; x_wconf 83' lang='lat' dir='ltr'>Mar·</span> 
     </span>
     <span class='ocr_line' id='line_1_30' title="bbox 1304 3372 2810 3458; baseline -0.009 -11"><span class='ocrx_word' id='word_1_164' title='bbox 1304 3385 1381 3447; x_wconf 83' lang='lat' dir='ltr'>tii</span> <span class='ocrx_word' id='word_1_165' title='bbox 1443 3381 1594 3446; x_wconf 87' lang='lat' dir='ltr'>anni</span> <span class='ocrx_word' id='word_1_166' title='bbox 1637 3382 1715 3442; x_wconf 90' lang='lat' dir='ltr'>P.</span> <span class='ocrx_word' id='word_1_167' title='bbox 1746 3381 1826 3439; x_wconf 91' lang='lat' dir='ltr'>X.</span> <span class='ocrx_word' id='word_1_168' title='bbox 1893 3400 2064 3458; x_wconf 78' lang='lat'><strong>171.‚</strong></span> <span class='ocrx_word' id='word_1_169' title='bbox 2129 3381 2278 3439; x_wconf 78' lang='lat' dir='ltr'>cuni</span> <span class='ocrx_word' id='word_1_170' title='bbox 2337 3388 2554 3438; x_wconf 82' lang='lat' dir='ltr'>tamen</span> <span class='ocrx_word' id='word_1_171' title='bbox 2603 3372 2810 3435; x_wconf 87' lang='lat' dir='ltr'>tribu-</span> 
     </span>
     <span class='ocr_line' id='line_1_31' title="bbox 1308 3463 2810 3548; baseline -0.011 0"><span class='ocrx_word' id='word_1_172' title='bbox 1308 3498 1497 3548; x_wconf 83' lang='lat' dir='ltr'>natus</span> <span class='ocrx_word' id='word_1_173' title='bbox 1538 3483 1774 3544; x_wconf 90' lang='lat' dir='ltr'>XXIII.</span> <span class='ocrx_word' id='word_1_174' title='bbox 1822 3478 2078 3543; x_wconf 85' lang='lat' dir='ltr'>Aurelii</span> <span class='ocrx_word' id='word_1_175' title='bbox 2129 3476 2281 3539; x_wconf 85' lang='lat' dir='ltr'>huic</span> <span class='ocrx_word' id='word_1_176' title='bbox 2328 3463 2528 3538; x_wconf 83' lang='lat' dir='ltr'>numo</span> <span class='ocrx_word' id='word_1_177' title='bbox 2579 3473 2810 3536; x_wconf 87' lang='lat' dir='ltr'>inscri-</span> 
     </span>
     <span class='ocr_line' id='line_1_32' title="bbox 1303 3575 2805 3670; baseline -0.007 -22"><span class='ocrx_word' id='word_1_178' title='bbox 1303 3601 1489 3670; x_wconf 83' lang='lat' dir='ltr'>ptus,</span> <span class='ocrx_word' id='word_1_179' title='bbox 1539 3604 1667 3668; x_wconf 87' lang='lat' dir='ltr'>quo</span> <span class='ocrx_word' id='word_1_180' title='bbox 1719 3583 1978 3644; x_wconf 86' lang='lat' dir='ltr'>labente</span> <span class='ocrx_word' id='word_1_181' title='bbox 2014 3601 2094 3641; x_wconf 86' lang='lat' dir='ltr'>ex</span> <span class='ocrx_word' id='word_1_182' title='bbox 2132 3577 2314 3639; x_wconf 90' lang='lat' dir='ltr'>numi</span> <span class='ocrx_word' id='word_1_183' title='bbox 2333 3576 2525 3658; x_wconf 88' lang='lat' dir='ltr'>hujus</span> <span class='ocrx_word' id='word_1_184' title='bbox 2562 3575 2805 3637; x_wconf 87' lang='lat' dir='ltr'>indicio</span> 
     </span>
     <span class='ocr_line' id='line_1_33' title="bbox 1302 3677 2806 3767; baseline -0.006 -19"><span class='ocrx_word' id='word_1_185' title='bbox 1302 3688 1466 3748; x_wconf 85' lang='lat' dir='ltr'>haec</span> <span class='ocrx_word' id='word_1_186' title='bbox 1521 3682 1846 3767; x_wconf 81' lang='lat' dir='ltr'>profectio</span> <span class='ocrx_word' id='word_1_187' title='bbox 1906 3679 2217 3762; x_wconf 82' lang='lat' dir='ltr'>contigit,</span> <span class='ocrx_word' id='word_1_188' title='bbox 2265 3678 2499 3740; x_wconf 87' lang='lat' dir='ltr'>saltem</span> <span class='ocrx_word' id='word_1_189' title='bbox 2548 3677 2614 3738; x_wconf 91' lang='lat' dir='ltr'>in</span> <span class='ocrx_word' id='word_1_190' title='bbox 2661 3697 2806 3739; x_wconf 81' lang='lat' dir='ltr'>mea</span> 
     </span>
     <span class='ocr_line' id='line_1_34' title="bbox 1304 3781 2807 3866; baseline -0.007 -16"><span class='ocrx_word' id='word_1_191' title='bbox 1304 3785 1659 3860; x_wconf 85' lang='lat' dir='ltr'>sententia,</span> <span class='ocrx_word' id='word_1_192' title='bbox 1704 3804 1788 3845; x_wconf 85' lang='lat' dir='ltr'>ne</span> <span class='ocrx_word' id='word_1_193' title='bbox 1823 3783 2088 3866; x_wconf 87' lang='lat' dir='ltr'>quidem</span> <span class='ocrx_word' id='word_1_194' title='bbox 2125 3781 2191 3841; x_wconf 90' lang='lat' dir='ltr'>in</span> <span class='ocrx_word' id='word_1_195' title='bbox 2245 3801 2481 3841; x_wconf 88' lang='lat' dir='ltr'>annum</span> <span class='ocrx_word' id='word_1_196' title='bbox 2532 3799 2807 3863; x_wconf 87' lang='lat' dir='ltr'>sequen-</span> 
     </span>
     <span class='ocr_line' id='line_1_35' title="bbox 1301 3880 2798 3970; baseline -0.007 -17"><span class='ocrx_word' id='word_1_197' title='bbox 1301 3904 1435 3953; x_wconf 89' lang='lat' dir='ltr'>tem</span> <span class='ocrx_word' id='word_1_198' title='bbox 1491 3908 1609 3966; x_wconf 79' lang='lat' dir='ltr'>i7o</span> <span class='ocrx_word' id='word_1_199' title='bbox 1671 3884 2087 3970; x_wconf 82' lang='lat' dir='ltr'>porrigatur,</span> <span class='ocrx_word' id='word_1_200' title='bbox 2136 3893 2207 3943; x_wconf 90' lang='lat' dir='ltr'>ut</span> <span class='ocrx_word' id='word_1_201' title='bbox 2243 3881 2310 3941; x_wconf 86' lang='lat' dir='ltr'>in</span> <span class='ocrx_word' id='word_1_202' title='bbox 2351 3880 2607 3944; x_wconf 82' lang='lat' dir='ltr'>Aurelii</span> <span class='ocrx_word' id='word_1_203' title='bbox 2645 3880 2798 3944; x_wconf 87' lang='lat' dir='ltr'>trib.</span> 
     </span>
     <span class='ocr_line' id='line_1_36' title="bbox 1301 3983 2803 4076; baseline -0.006 -23"><span class='ocrx_word' id='word_1_204' title='bbox 1301 4005 1628 4076; x_wconf 80' lang='lat' dir='ltr'>potestate</span> <span class='ocrx_word' id='word_1_205' title='bbox 1671 3989 2164 4074; x_wconf 79' lang='lat' dir='ltr'>disputabimus.</span> <span class='ocrx_word' id='word_1_206' title='bbox 2236 3984 2322 4044; x_wconf 87' lang='lat' dir='ltr'>At</span> <span class='ocrx_word' id='word_1_207' title='bbox 2360 3983 2533 4045; x_wconf 89' lang='lat' dir='ltr'>enim</span> <span class='ocrx_word' id='word_1_208' title='bbox 2568 4004 2803 4047; x_wconf 87' lang='lat' dir='ltr'>numus</span> 
     </span>
     <span class='ocr_line' id='line_1_37' title="bbox 1300 4087 2803 4178; baseline -0.005 -23"><span class='ocrx_word' id='word_1_209' title='bbox 1300 4113 1614 4178; x_wconf 84' lang='lat' dir='ltr'>praesens</span> <span class='ocrx_word' id='word_1_210' title='bbox 1656 4092 1918 4177; x_wconf 86' lang='lat' dir='ltr'>ignotus</span> <span class='ocrx_word' id='word_1_211' title='bbox 1952 4087 2520 4153; x_wconf 80' lang='lat' dir='ltr'>fuit&#39;rillemontio</span> <span class='ocrx_word' id='word_1_212' title='bbox 2546 4131 2562 4161; x_wconf 88' lang='lat'><strong>‚</strong></span> <span class='ocrx_word' id='word_1_213' title='bbox 2609 4099 2803 4150; x_wconf 86' lang='lat' dir='ltr'>notus</span> 
     </span>
     <span class='ocr_line' id='line_1_38' title="bbox 1303 4188 2804 4275; baseline -0.005 -16"><span class='ocrx_word' id='word_1_214' title='bbox 1303 4217 1462 4259; x_wconf 75' lang='lat' dir='ltr'>vero</span> <span class='ocrx_word' id='word_1_215' title='bbox 1514 4194 1725 4256; x_wconf 87' lang='lat' dir='ltr'>solum</span> <span class='ocrx_word' id='word_1_216' title='bbox 1768 4193 1919 4268; x_wconf 87' lang='lat' dir='ltr'>ille,</span> <span class='ocrx_word' id='word_1_217' title='bbox 1976 4191 2087 4275; x_wconf 89' lang='lat' dir='ltr'>qui</span> <span class='ocrx_word' id='word_1_218' title='bbox 2136 4189 2412 4266; x_wconf 84' lang='lat' dir='ltr'>eandem</span> <span class='ocrx_word' id='word_1_219' title='bbox 2462 4188 2602 4270; x_wconf 86' lang='lat' dir='ltr'>ejus</span> <span class='ocrx_word' id='word_1_220' title='bbox 2651 4209 2804 4273; x_wconf 91' lang='lat' dir='ltr'>pro-</span> 
     </span>
     <span class='ocr_line' id='line_1_39' title="bbox 1303 4292 2801 4359; baseline -0.005 -2"><span class='ocrx_word' id='word_1_221' title='bbox 1303 4296 1658 4359; x_wconf 74' lang='lat' dir='ltr'>fectionem</span> <span class='ocrx_word' id='word_1_222' title='bbox 1717 4315 1865 4356; x_wconf 83' lang='lat' dir='ltr'>eum</span> <span class='ocrx_word' id='word_1_223' title='bbox 1914 4294 2249 4356; x_wconf 84' lang='lat' dir='ltr'>tribunatu</span> <span class='ocrx_word' id='word_1_224' title='bbox 2335 4292 2601 4353; x_wconf 85' lang='lat' dir='ltr'>XXIIII.</span> <span class='ocrx_word' id='word_1_225' title='bbox 2664 4310 2801 4351; x_wconf 89' lang='lat' dir='ltr'>me-</span> 
     </span>
     <span class='ocr_line' id='line_1_40' title="bbox 1247 4390 2795 4478; baseline -0.005 -19"><span class='ocrx_word' id='word_1_226' title='bbox 1247 4421 1255 4428; x_wconf 91' lang='lat'>·</span> <span class='ocrx_word' id='word_1_227' title='bbox 1302 4409 1552 4468; x_wconf 83' lang='lat' dir='ltr'>morat,</span> <span class='ocrx_word' id='word_1_228' title='bbox 1613 4394 1722 4478; x_wconf 87' lang='lat' dir='ltr'>qui</span> <span class='ocrx_word' id='word_1_229' title='bbox 1778 4414 2010 4456; x_wconf 73' lang='lat' dir='ltr'>revera</span> <span class='ocrx_word' id='word_1_230' title='bbox 2070 4394 2134 4452; x_wconf 84' lang='lat' dir='ltr'>in</span> <span class='ocrx_word' id='word_1_231' title='bbox 2198 4390 2607 4452; x_wconf 83' lang='lat' dir='ltr'>&#39;l&#39;illemontii</span> <span class='ocrx_word' id='word_1_232' title='bbox 2660 4411 2795 4452; x_wconf 86' lang='lat' dir='ltr'>sen·</span> 
     </span>
     <span class='ocr_line' id='line_1_41' title="bbox 1305 4494 2801 4578; baseline -0.005 -18"><span class='ocrx_word' id='word_1_233' title='bbox 1305 4498 1506 4560; x_wconf 80' lang='lat' dir='ltr'>tentia</span> <span class='ocrx_word' id='word_1_234' title='bbox 1556 4514 1758 4578; x_wconf 86' lang='lat' dir='ltr'>usque</span> <span class='ocrx_word' id='word_1_235' title='bbox 1818 4496 1898 4554; x_wconf 85' lang='lat' dir='ltr'>ad</span> <span class='ocrx_word' id='word_1_236' title='bbox 1956 4494 2130 4554; x_wconf 84' lang='lat' dir='ltr'>diem</span> <span class='ocrx_word' id='word_1_237' title='bbox 2188 4496 2326 4556; x_wconf 76' lang='lat' dir='ltr'><strong>Vll.</strong></span> <span class='ocrx_word' id='word_1_238' title='bbox 2387 4494 2607 4554; x_wconf 85' lang='lat' dir='ltr'>Martii</span> <span class='ocrx_word' id='word_1_239' title='bbox 2653 4494 2801 4554; x_wconf 84' lang='lat' dir='ltr'>anni</span> 
     </span>
    </p>
   </div>
   <div class='ocr_carea' id='block_1_6' title="bbox 1414 4704 2310 4791">
    <p class='ocr_par' dir='ltr' id='par_1_7' title="bbox 1414 4704 2310 4791">
     <span class='ocr_line' id='line_1_42' title="bbox 1414 4704 2310 4791; baseline -0.002 -29"><span class='ocrx_word' id='word_1_240' title='bbox 1414 4712 1476 4780; x_wconf 70' lang='lat' dir='ltr'>a]</span> <span class='ocrx_word' id='word_1_241' title='bbox 1504 4704 1818 4791; x_wconf 64' lang='lat' dir='ltr'>Capitolia.</span> <span class='ocrx_word' id='word_1_242' title='bbox 1970 4704 2038 4772; x_wconf 72' lang='lat' dir='ltr'>h]</span> <span class='ocrx_word' id='word_1_243' title='bbox 2068 4704 2310 4778; x_wconf 69' lang='lat' dir='ltr'>Eun-op.</span> 
     </span>
    </p>
   </div>
   <div class='ocr_carea' id='block_1_7' title="bbox 2921 737 4508 2178">
    <p class='ocr_par' dir='ltr' id='par_1_8' title="bbox 2921 737 4435 1027">
     <span class='ocr_line' id='line_1_43' title="bbox 2921 737 4432 826; baseline -0.003 -24"><span class='ocrx_word' id='word_1_244' title='bbox 2921 740 3023 826; x_wconf 79' lang='lat' dir='ltr'>jus</span> <span class='ocrx_word' id='word_1_245' title='bbox 3091 739 3499 802; x_wconf 82' lang='lat' dir='ltr'>numismatis</span> <span class='ocrx_word' id='word_1_246' title='bbox 3542 754 3897 824; x_wconf 82' lang='lat' dir='ltr'>praecepto</span> <span class='ocrx_word' id='word_1_247' title='bbox 3973 737 4432 798; x_wconf 75' lang='lat' dir='ltr'>maturandum</span> 
     </span>
     <span class='ocr_line' id='line_1_44' title="bbox 2922 838 4435 926; baseline -0.003 -21"><span class='ocrx_word' id='word_1_248' title='bbox 2922 843 3065 926; x_wconf 84' lang='lat' dir='ltr'>ejus</span> <span class='ocrx_word' id='word_1_249' title='bbox 3115 841 3279 917; x_wconf 86' lang='lat' dir='ltr'>iter,</span> <span class='ocrx_word' id='word_1_250' title='bbox 3337 840 3432 904; x_wconf 87' lang='lat' dir='ltr'>sic</span> <span class='ocrx_word' id='word_1_251' title='bbox 3491 855 3563 903; x_wconf 85' lang='lat' dir='ltr'>ut</span> <span class='ocrx_word' id='word_1_252' title='bbox 3627 841 3929 906; x_wconf 79' lang='lat' dir='ltr'>videatur</span> <span class='ocrx_word' id='word_1_253' title='bbox 3977 846 4287 901; x_wconf 83' lang='lat' dir='ltr'>exeunte</span> <span class='ocrx_word' id='word_1_254' title='bbox 4327 838 4435 902; x_wconf 84' lang='lat' dir='ltr'>boc</span> 
     </span>
     <span class='ocr_line' id='line_1_45' title="bbox 2922 943 4192 1027; baseline -0.004 -20"><span class='ocrx_word' id='word_1_255' title='bbox 2922 964 3092 1007; x_wconf 88' lang='lat' dir='ltr'>anno</span> <span class='ocrx_word' id='word_1_256' title='bbox 3127 945 3256 1007; x_wconf 84' lang='lat' dir='ltr'>iter</span> <span class='ocrx_word' id='word_1_257' title='bbox 3288 943 3355 1003; x_wconf 92' lang='lat' dir='ltr'>in</span> <span class='ocrx_word' id='word_1_258' title='bbox 3396 943 3721 1007; x_wconf 82' lang='lat' dir='ltr'>hosticum</span> <span class='ocrx_word' id='word_1_259' title='bbox 3760 956 4192 1027; x_wconf 83' lang='lat' dir='ltr'>susceptum.</span> 
     </span>
    </p>

    <p class='ocr_par' dir='ltr' id='par_1_9' title="bbox 3478 1079 3858 1185">
     <span class='ocr_line' id='line_1_46' title="bbox 3478 1079 3858 1185; baseline -0.003 -22"><span class='ocrx_word' id='word_1_260' title='bbox 3478 1124 3526 1185; x_wconf 20' lang='grc' dir='ltr'>ἱ*</span> <span class='ocrx_word' id='word_1_261' title='bbox 3653 1079 3693 1118; x_wconf 64' lang='lat'>*²</span> <span class='ocrx_word' id='word_1_262' title='bbox 3818 1123 3858 1162; x_wconf 69' lang='lat' dir='ltr'>u:</span> 
     </span>
    </p>

    <p class='ocr_par' dir='ltr' id='par_1_10' title="bbox 2921 1186 4441 1776">
     <span class='ocr_line' id='line_1_47' title="bbox 3206 1186 3786 1247; baseline 0.005 -3"><span class='ocrx_word' id='word_1_263' title='bbox 3206 1186 3452 1244; x_wconf 82' lang='lat' dir='ltr'>Eadem</span> <span class='ocrx_word' id='word_1_264' title='bbox 3491 1187 3786 1247; x_wconf 69' lang='lat' dir='ltr'>adversa.</span> 
     </span>
     <span class='ocr_line' id='line_1_48' title="bbox 2921 1283 4435 1373; baseline -0.005 -26"><span class='ocrx_word' id='word_1_265' title='bbox 2921 1285 3549 1373; x_wconf 78' lang='lat' dir='ltr'>RESTITVTORI.</span> <span class='ocrx_word' id='word_1_266' title='bbox 3630 1283 4017 1348; x_wconf 76' lang='lat' dir='ltr'>ITALIAE.</span> <span class='ocrx_word' id='word_1_267' title='bbox 4110 1283 4301 1346; x_wconf 62' lang='lat' dir='ltr'>lm).</span> <span class='ocrx_word' id='word_1_268' title='bbox 4364 1283 4435 1349; x_wconf 81' lang='lat' dir='ltr'>V.</span> 
     </span>
     <span class='ocr_line' id='line_1_49' title="bbox 2923 1372 4439 1466; baseline -0.005 -16"><span class='ocrx_word' id='word_1_269' title='bbox 2923 1372 3116 1454; x_wconf 83' lang='lat' dir='ltr'><strong>COS.</strong></span> <span class='ocrx_word' id='word_1_270' title='bbox 3136 1390 3245 1449; x_wconf 89' lang='lat'>111.</span> <span class='ocrx_word' id='word_1_271' title='bbox 3269 1390 3333 1452; x_wconf 86' lang='lat' dir='ltr'>S.</span> <span class='ocrx_word' id='word_1_272' title='bbox 3368 1390 3438 1451; x_wconf 88' lang='lat' dir='ltr'>C.</span> <span class='ocrx_word' id='word_1_273' title='bbox 3482 1392 3835 1466; x_wconf 82' lang='lat' dir='ltr'>Imperator</span> <span class='ocrx_word' id='word_1_274' title='bbox 3860 1388 4251 1466; x_wconf 75' lang='lat' dir='ltr'>paludatus</span> <span class='ocrx_word' id='word_1_275' title='bbox 4275 1395 4439 1444; x_wconf 68' lang='lat' dir='ltr'>stans</span> 
     </span>
     <span class='ocr_line' id='line_1_50' title="bbox 2924 1489 4440 1570; baseline -0.005 -18"><span class='ocrx_word' id='word_1_276' title='bbox 2924 1494 3251 1554; x_wconf 66' lang='lat' dir='ltr'>mulierem</span> <span class='ocrx_word' id='word_1_277' title='bbox 3313 1494 3610 1552; x_wconf 75' lang='lat' dir='ltr'>turritam</span> <span class='ocrx_word' id='word_1_278' title='bbox 3660 1493 3730 1551; x_wconf 77' lang='lat' dir='ltr'>in</span> <span class='ocrx_word' id='word_1_279' title='bbox 3773 1509 3992 1570; x_wconf 75' lang='lat' dir='ltr'>yemea</span> <span class='ocrx_word' id='word_1_280' title='bbox 4038 1489 4440 1565; x_wconf 73' lang='lat' dir='ltr'>prolapsam,</span> 
     </span>
     <span class='ocr_line' id='line_1_51' title="bbox 2924 1587 4441 1673; baseline -0.007 -18"><span class='ocrx_word' id='word_1_281' title='bbox 2924 1604 2991 1655; x_wconf 80' lang='lat' dir='ltr'>et</span> <span class='ocrx_word' id='word_1_282' title='bbox 3033 1614 3086 1655; x_wconf 73' lang='grc' dir='ltr'><strong>ε.</strong></span> <span class='ocrx_word' id='word_1_283' title='bbox 3125 1595 3385 1673; x_wconf 72' lang='lat' dir='ltr'>qlobum</span> <span class='ocrx_word' id='word_1_284' title='bbox 3447 1601 3754 1652; x_wconf 79' lang='lat' dir='ltr'>tenentem</span> <span class='ocrx_word' id='word_1_285' title='bbox 3816 1592 4154 1651; x_wconf 74' lang='lat' dir='ltr'>sublevat.</span> <span class='ocrx_word' id='word_1_286' title='bbox 4220 1588 4355 1652; x_wconf 78' lang='grc' dir='ltr'><strong>ΑΕ.</strong></span> <span class='ocrx_word' id='word_1_287' title='bbox 4400 1587 4441 1644; x_wconf 91' lang='lat'>1.</span> 
     </span>
     <span class='ocr_line' id='line_1_52' title="bbox 2928 1693 3472 1776; baseline -0.009 -19"><span class='ocrx_word' id='word_1_288' title='bbox 2928 1698 3133 1776; x_wconf 75' lang='lat' dir='ltr'>(Mus.</span> <span class='ocrx_word' id='word_1_289' title='bbox 3168 1693 3472 1771; x_wconf 88' lang='lat' dir='ltr'>Farnes.)</span> 
     </span>
    </p>

    <p class='ocr_par' dir='ltr' id='par_1_11' title="bbox 2925 1790 4508 2178">
     <span class='ocr_line' id='line_1_53' title="bbox 3054 1790 4508 1873; baseline -0.006 -17"><span class='ocrx_word' id='word_1_290' title='bbox 3054 1796 3376 1856; x_wconf 85' lang='lat' dir='ltr'>Nimirum</span> <span class='ocrx_word' id='word_1_291' title='bbox 3411 1797 3757 1856; x_wconf 74' lang='lat' dir='ltr'>Restitutor</span> <span class='ocrx_word' id='word_1_292' title='bbox 3790 1795 4037 1855; x_wconf 73' lang='lat' dir='ltr'>Italiae</span> <span class='ocrx_word' id='word_1_293' title='bbox 4057 1790 4442 1873; x_wconf 83' lang='lat' dir='ltr'>diciturper</span> <span class='ocrx_word' id='word_1_294' title='bbox 4499 1810 4508 1818; x_wconf 69' lang='grc'>’</span> 
     </span>
     <span class='ocr_line' id='line_1_54' title="bbox 2925 1892 4440 1980; baseline -0.007 -22"><span class='ocrx_word' id='word_1_295' title='bbox 2925 1895 3277 1980; x_wconf 77' lang='lat' dir='ltr'>depulsum</span> <span class='ocrx_word' id='word_1_296' title='bbox 3334 1893 3414 1956; x_wconf 86' lang='lat' dir='ltr'>ab</span> <span class='ocrx_word' id='word_1_297' title='bbox 3478 1894 3754 1977; x_wconf 85' lang='lat' dir='ltr'>regione</span> <span class='ocrx_word' id='word_1_298' title='bbox 3841 1892 4024 1955; x_wconf 87' lang='lat' dir='ltr'>orbis</span> <span class='ocrx_word' id='word_1_299' title='bbox 4112 1902 4440 1953; x_wconf 79' lang='lat' dir='ltr'>terrarum</span> 
     </span>
     <span class='ocr_line' id='line_1_55' title="bbox 2929 1989 4444 2085; baseline -0.007 -25"><span class='ocrx_word' id='word_1_300' title='bbox 2929 1999 3228 2083; x_wconf 86' lang='lat' dir='ltr'>principe</span> <span class='ocrx_word' id='word_1_301' title='bbox 3288 1995 3696 2085; x_wconf 83' lang='lat' dir='ltr'>periculum,</span> <span class='ocrx_word' id='word_1_302' title='bbox 3744 1990 3923 2076; x_wconf 85' lang='lat' dir='ltr'>quod</span> <span class='ocrx_word' id='word_1_303' title='bbox 3967 1993 4035 2054; x_wconf 88' lang='lat' dir='ltr'>ei</span> <span class='ocrx_word' id='word_1_304' title='bbox 4079 2014 4123 2056; x_wconf 78' lang='lat' dir='ltr'>a</span> <span class='ocrx_word' id='word_1_305' title='bbox 4178 1989 4444 2055; x_wconf 83' lang='lat' dir='ltr'>rebelli·</span> 
     </span>
     <span class='ocr_line' id='line_1_56' title="bbox 2930 2090 3912 2178; baseline -0.006 -16"><span class='ocrx_word' id='word_1_306' title='bbox 2930 2101 3053 2162; x_wconf 85' lang='lat' dir='ltr'>hus</span> <span class='ocrx_word' id='word_1_307' title='bbox 3094 2090 3912 2178; x_wconf 73' lang='lat' dir='ltr'>Germanis&#39;impenclebat.</span> 
     </span>
    </p>
   </div>
   <div class='ocr_carea' id='block_1_8' title="bbox 3479 2231 3898 2314">
    <p class='ocr_par' dir='ltr' id='par_1_12' title="bbox 3479 2231 3898 2314">
     <span class='ocr_line' id='line_1_57' title="bbox 3479 2231 3898 2314; baseline 0 0"><span class='ocrx_word' id='word_1_308' title='bbox 3479 2277 3520 2314; x_wconf 54' lang='lat' dir='ltr'><strong>fi</strong></span> <span class='ocrx_word' id='word_1_309' title='bbox 3647 2231 3686 2271; x_wconf 39' lang='grc' dir='ltr'><em>ὑ</em></span> <span class='ocrx_word' id='word_1_310' title='bbox 3860 2276 3898 2314; x_wconf 59' lang='lat'><em>0</em></span> 
     </span>
    </p>
   </div>
   <div class='ocr_carea' id='block_1_9' title="bbox 2925 2305 4435 2602">
    <p class='ocr_par' dir='ltr' id='par_1_13' title="bbox 2925 2305 4435 2602">
     <span class='ocr_line' id='line_1_58' title="bbox 3131 2305 3802 2397; baseline -0.007 1"><span class='ocrx_word' id='word_1_311' title='bbox 3131 2305 3141 2315; x_wconf 30' lang='lat'>⁸</span> <span class='ocrx_word' id='word_1_312' title='bbox 3209 2338 3458 2397; x_wconf 79' lang='lat' dir='ltr'>Eadem</span> <span class='ocrx_word' id='word_1_313' title='bbox 3502 2336 3802 2393; x_wconf 73' lang='lat' dir='ltr'>adversa.</span> 
     </span>
     <span class='ocr_line' id='line_1_59' title="bbox 2928 2430 4431 2504; baseline -0.004 -7"><span class='ocrx_word' id='word_1_314' title='bbox 2928 2436 3116 2500; x_wconf 85' lang='lat' dir='ltr'><strong>COS.</strong></span> <span class='ocrx_word' id='word_1_315' title='bbox 3146 2438 3257 2499; x_wconf 79' lang='lat'>111.</span> <span class='ocrx_word' id='word_1_316' title='bbox 3292 2439 3400 2498; x_wconf 87' lang='lat' dir='ltr'>vel</span> <span class='ocrx_word' id='word_1_317' title='bbox 3417 2458 3439 2495; x_wconf 91' lang='grc'><strong>.·</strong></span> <span class='ocrx_word' id='word_1_318' title='bbox 3483 2434 3970 2499; x_wconf 73' lang='lat' dir='ltr'>FELICITAS.</span> <span class='ocrx_word' id='word_1_319' title='bbox 4012 2430 4431 2504; x_wconf 80' lang='lat' dir='ltr'><strong>AVG.COS.</strong></span> 
     </span>
     <span class='ocr_line' id='line_1_60' title="bbox 2925 2537 4435 2602; baseline -0.003 -4"><span class='ocrx_word' id='word_1_320' title='bbox 2925 2539 3036 2601; x_wconf 87' lang='lat'>111.</span> <span class='ocrx_word' id='word_1_321' title='bbox 3081 2542 3224 2601; x_wconf 70' lang='lat' dir='ltr'>vel:</span> <span class='ocrx_word' id='word_1_322' title='bbox 3272 2538 3610 2602; x_wconf 75' lang='lat' dir='ltr'>SALVTI.</span> <span class='ocrx_word' id='word_1_323' title='bbox 3656 2537 3862 2602; x_wconf 85' lang='lat' dir='ltr'><strong>AVG.</strong></span> <span class='ocrx_word' id='word_1_324' title='bbox 3894 2537 4088 2601; x_wconf 90' lang='lat' dir='ltr'><strong>COS.</strong></span> <span class='ocrx_word' id='word_1_325' title='bbox 4139 2538 4263 2598; x_wconf 86' lang='lat'>111.</span> <span class='ocrx_word' id='word_1_326' title='bbox 4303 2553 4435 2596; x_wconf 72' lang='lat' dir='ltr'>cum</span> 
     </span>
    </p>
   </div>
   <div class='ocr_carea' id='block_1_10' title="bbox 2924 2637 4367 2722">
    <p class='ocr_par' dir='ltr' id='par_1_14' title="bbox 2924 2637 4367 2722">
     <span class='ocr_line' id='line_1_61' title="bbox 2924 2637 4367 2722; baseline -0.003 -19"><span class='ocrx_word' id='word_1_327' title='bbox 2924 2644 3062 2703; x_wconf 71' lang='lat' dir='ltr'>anis</span> <span class='ocrx_word' id='word_1_328' title='bbox 3099 2645 3300 2722; x_wconf 77' lang='lat' dir='ltr'>typis,</span> <span class='ocrx_word' id='word_1_329' title='bbox 3345 2640 3424 2700; x_wconf 88' lang='lat' dir='ltr'>in·</span> <span class='ocrx_word' id='word_1_330' title='bbox 3446 2637 3629 2699; x_wconf 88' lang='lat' dir='ltr'>omni</span> <span class='ocrx_word' id='word_1_331' title='bbox 3662 2640 3966 2715; x_wconf 89' lang='lat' dir='ltr'>metallo,</span> <span class='ocrx_word' id='word_1_332' title='bbox 4014 2654 4084 2702; x_wconf 88' lang='lat' dir='ltr'>et</span> <span class='ocrx_word' id='word_1_333' title='bbox 4120 2638 4367 2702; x_wconf 85' lang='lat' dir='ltr'>forma.</span> 
     </span>
    </p>
   </div>
   <div class='ocr_carea' id='block_1_11' title="bbox 2923 2806 4431 3106">
    <p class='ocr_par' dir='ltr' id='par_1_15' title="bbox 2923 2806 4431 3106">
     <span class='ocr_line' id='line_1_62' title="bbox 3273 2806 4370 2898; baseline -0.001 -29"><span class='ocrx_word' id='word_1_334' title='bbox 3273 2811 3347 2869; x_wconf 82' lang='lat' dir='ltr'>V.</span> <span class='ocrx_word' id='word_1_335' title='bbox 3398 2809 3466 2869; x_wconf 84' lang='lat' dir='ltr'>C.</span> <span class='ocrx_word' id='word_1_336' title='bbox 3510 2813 3657 2871; x_wconf 77' lang='lat'>923.</span> <span class='ocrx_word' id='word_1_337' title='bbox 3702 2806 3777 2867; x_wconf 79' lang='lat'>1².</span> <span class='ocrx_word' id='word_1_338' title='bbox 3826 2809 3906 2867; x_wconf 90' lang='grc' dir='ltr'>Χ.</span> <span class='ocrx_word' id='word_1_339' title='bbox 3957 2813 4100 2869; x_wconf 79' lang='lat'>170.</span> <span class='ocrx_word' id='word_1_340' title='bbox 4360 2893 4370 2898; x_wconf 36' lang='grc'><strong>-</strong></span> 
     </span>
     <span class='ocr_line' id='line_1_63' title="bbox 2930 2907 4431 2974; baseline -0.009 0"><span class='ocrx_word' id='word_1_341' title='bbox 2930 2915 3053 2974; x_wconf 73' lang='lat' dir='ltr'>Tn.</span> <span class='ocrx_word' id='word_1_342' title='bbox 3098 2913 3167 2971; x_wconf 83' lang='grc' dir='ltr'><strong>Ρ.</strong></span> <span class='ocrx_word' id='word_1_343' title='bbox 3216 2908 3460 2973; x_wconf 85' lang='lat' dir='ltr'>XXIV.</span> <span class='ocrx_word' id='word_1_344' title='bbox 3514 2909 3687 2970; x_wconf 85' lang='lat' dir='ltr'>COS.</span> <span class='ocrx_word' id='word_1_345' title='bbox 3716 2909 3842 2970; x_wconf 85' lang='lat'>111.</span> <span class='ocrx_word' id='word_1_346' title='bbox 3905 2910 3973 2968; x_wconf 85' lang='lat' dir='ltr'>P.</span> <span class='ocrx_word' id='word_1_347' title='bbox 4016 2911 4106 2972; x_wconf 83' lang='lat' dir='ltr'>M.</span> <span class='ocrx_word' id='word_1_348' title='bbox 4135 2908 4324 2970; x_wconf 84' lang='grc' dir='ltr'><strong>ΙΜΡ.</strong></span> <span class='ocrx_word' id='word_1_349' title='bbox 4366 2907 4431 2963; x_wconf 69' lang='grc' dir='ltr'><strong>Γ.</strong></span> 
     </span>
     <span class='ocr_line' id='line_1_64' title="bbox 2923 3012 4426 3106; baseline -0.007 -30"><span class='ocrx_word' id='word_1_350' title='bbox 2923 3017 3011 3076; x_wconf 88' lang='grc' dir='ltr'><strong>Μ.</strong></span> <span class='ocrx_word' id='word_1_351' title='bbox 3048 3014 3334 3075; x_wconf 78' lang='lat' dir='ltr'>Cornelio</span> <span class='ocrx_word' id='word_1_352' title='bbox 3371 3012 3653 3091; x_wconf 42' lang='lat' dir='ltr'>Cethe-qo,</span> <span class='ocrx_word' id='word_1_353' title='bbox 3705 3012 3767 3072; x_wconf 84' lang='lat' dir='ltr'>C.</span> <span class='ocrx_word' id='word_1_354' title='bbox 3803 3014 4039 3073; x_wconf 72' lang='lat' dir='ltr'>Erucio</span> <span class='ocrx_word' id='word_1_355' title='bbox 4078 3013 4273 3073; x_wconf 82' lang='lat' dir='ltr'>Claro</span> <span class='ocrx_word' id='word_1_356' title='bbox 4307 3027 4426 3106; x_wconf 58' lang='lat' dir='ltr'>cor.</span> 
     </span>
    </p>
   </div>
   <div class='ocr_carea' id='block_1_12' title="bbox 2923 3176 4428 3357">
    <p class='ocr_par' dir='ltr' id='par_1_16' title="bbox 2923 3176 4428 3357">
     <span class='ocr_line' id='line_1_65' title="bbox 3049 3176 4428 3260; baseline -0.005 -19"><span class='ocrx_word' id='word_1_357' title='bbox 3049 3179 3313 3241; x_wconf 84' lang='lat' dir='ltr'>Bellum</span> <span class='ocrx_word' id='word_1_358' title='bbox 3335 3198 3482 3260; x_wconf 85' lang='lat' dir='ltr'>cum</span> <span class='ocrx_word' id='word_1_359' title='bbox 3524 3176 3987 3241; x_wconf 80' lang='lat' dir='ltr'>Marcomanis.</span> <span class='ocrx_word' id='word_1_360' title='bbox 4007 3177 4190 3238; x_wconf 87' lang='lat' dir='ltr'>omni</span> <span class='ocrx_word' id='word_1_361' title='bbox 4235 3177 4297 3237; x_wconf 81' lang='lat' dir='ltr'>vi</span> <span class='ocrx_word' id='word_1_362' title='bbox 4328 3193 4428 3259; x_wconf 84' lang='lat' dir='ltr'>ge-</span> 
     </span>
     <span class='ocr_line' id='line_1_66' title="bbox 2923 3273 4427 3357; baseline -0.003 -20"><span class='ocrx_word' id='word_1_363' title='bbox 2923 3280 3011 3338; x_wconf 85' lang='lat' dir='ltr'>rit</span> <span class='ocrx_word' id='word_1_364' title='bbox 3044 3273 3352 3357; x_wconf 82' lang='lat' dir='ltr'>gravibus</span> <span class='ocrx_word' id='word_1_365' title='bbox 3366 3295 3489 3356; x_wconf 85' lang='lat' dir='ltr'>per</span> <span class='ocrx_word' id='word_1_366' title='bbox 3512 3277 3860 3335; x_wconf 79' lang='lat' dir='ltr'>intervalla</span> <span class='ocrx_word' id='word_1_367' title='bbox 3877 3279 4167 3356; x_wconf 82' lang='lat' dir='ltr'>acceptis</span> <span class='ocrx_word' id='word_1_368' title='bbox 4184 3279 4427 3336; x_wconf 85' lang='lat' dir='ltr'>incom-</span> 
     </span>
    </p>
   </div>
   <div class='ocr_carea' id='block_1_13' title="bbox 2916 3374 4424 4572">
    <p class='ocr_par' dir='ltr' id='par_1_17' title="bbox 2916 3374 4424 4572">
     <span class='ocr_line' id='line_1_67' title="bbox 2924 3374 4424 3457; baseline -0.003 -18"><span class='ocrx_word' id='word_1_369' title='bbox 2924 3376 3164 3450; x_wconf 86' lang='lat' dir='ltr'>modis,</span> <span class='ocrx_word' id='word_1_370' title='bbox 3217 3374 3519 3436; x_wconf 88' lang='lat' dir='ltr'>omnibus</span> <span class='ocrx_word' id='word_1_371' title='bbox 3553 3375 4033 3457; x_wconf 83' lang='lat' dir='ltr'>superstitionis</span> <span class='ocrx_word' id='word_1_372' title='bbox 4072 3375 4424 3438; x_wconf 81' lang='lat' dir='ltr'>adminicu-</span> 
     </span>
     <span class='ocr_line' id='line_1_68' title="bbox 2923 3475 4418 3560; baseline -0.001 -22"><span class='ocrx_word' id='word_1_373' title='bbox 2923 3478 3005 3539; x_wconf 83' lang='lat' dir='ltr'>lis</span> <span class='ocrx_word' id='word_1_374' title='bbox 3044 3497 3238 3560; x_wconf 80' lang='lat' dir='ltr'>saepe</span> <span class='ocrx_word' id='word_1_375' title='bbox 3268 3475 3516 3538; x_wconf 81' lang='lat' dir='ltr'>frustra</span> <span class='ocrx_word' id='word_1_376' title='bbox 3545 3477 3875 3540; x_wconf 83' lang='lat' dir='ltr'>arcessitis</span> <span class='ocrx_word' id='word_1_377' title='bbox 3898 3522 3915 3553; x_wconf 85' lang='lat'><strong>,</strong></span> <span class='ocrx_word' id='word_1_378' title='bbox 3975 3478 4195 3541; x_wconf 84' lang='lat' dir='ltr'>inutili</span> <span class='ocrx_word' id='word_1_379' title='bbox 4228 3476 4418 3540; x_wconf 84' lang='lat' dir='ltr'>etiam</span> 
     </span>
     <span class='ocr_line' id='line_1_69' title="bbox 2922 3578 4415 3665; baseline -0.003 -25"><span class='ocrx_word' id='word_1_380' title='bbox 2922 3581 3066 3655; x_wconf 79' lang='lat' dir='ltr'>illo,</span> <span class='ocrx_word' id='word_1_381' title='bbox 3111 3578 3288 3665; x_wconf 86' lang='lat' dir='ltr'>quod</span> <span class='ocrx_word' id='word_1_382' title='bbox 3314 3578 3515 3639; x_wconf 84' lang='lat' dir='ltr'>suasit</span> <span class='ocrx_word' id='word_1_383' title='bbox 3534 3578 3908 3641; x_wconf 77' lang='lat' dir='ltr'>Alexander</span> <span class='ocrx_word' id='word_1_384' title='bbox 3924 3578 4415 3643; x_wconf 84' lang='lat' dir='ltr'>Abonuticheos</span> 
     </span>
     <span class='ocr_line' id='line_1_70' title="bbox 2920 3679 4424 3764; baseline -0.004 -21"><span class='ocrx_word' id='word_1_385' title='bbox 2920 3679 3405 3764; x_wconf 80' lang='lat' dir='ltr'>Paphlagoniae</span> <span class='ocrx_word' id='word_1_386' title='bbox 3439 3679 3763 3763; x_wconf 83' lang='lat' dir='ltr'>propheta</span> <span class='ocrx_word' id='word_1_387' title='bbox 3788 3725 3804 3754; x_wconf 91' lang='lat'>‚</span> <span class='ocrx_word' id='word_1_388' title='bbox 3841 3694 3914 3743; x_wconf 91' lang='lat' dir='ltr'>ut</span> <span class='ocrx_word' id='word_1_389' title='bbox 3948 3680 4195 3744; x_wconf 86' lang='lat' dir='ltr'>dictum</span> <span class='ocrx_word' id='word_1_390' title='bbox 4233 3699 4424 3762; x_wconf 84' lang='lat' dir='ltr'>supra</span> 
     </span>
     <span class='ocr_line' id='line_1_71' title="bbox 2918 3781 4419 3867; baseline -0.003 -22"><span class='ocrx_word' id='word_1_391' title='bbox 2918 3783 3005 3846; x_wconf 88' lang='lat' dir='ltr'>ad</span> <span class='ocrx_word' id='word_1_392' title='bbox 3032 3800 3306 3855; x_wconf 83' lang='lat' dir='ltr'>annum,</span> <span class='ocrx_word' id='word_1_393' title='bbox 3347 3781 3431 3848; x_wconf 87' lang='lat' dir='ltr'>V.</span> <span class='ocrx_word' id='word_1_394' title='bbox 3465 3781 3539 3842; x_wconf 92' lang='lat' dir='ltr'>C.</span> <span class='ocrx_word' id='word_1_395' title='bbox 3574 3798 3718 3861; x_wconf 75' lang='lat' dir='ltr'>qao.</span> <span class='ocrx_word' id='word_1_396' title='bbox 3765 3788 3938 3847; x_wconf 83' lang='lat' dir='ltr'>Rara</span> <span class='ocrx_word' id='word_1_397' title='bbox 3988 3797 4268 3867; x_wconf 78' lang='lat' dir='ltr'>propter</span> <span class='ocrx_word' id='word_1_398' title='bbox 4315 3799 4419 3862; x_wconf 83' lang='lat' dir='ltr'>pe·</span> 
     </span>
     <span class='ocr_line' id='line_1_72' title="bbox 2920 3881 4421 3963; baseline -0.005 -16"><span class='ocrx_word' id='word_1_399' title='bbox 2920 3885 3405 3947; x_wconf 78' lang='lat' dir='ltr'>stilentiaevim</span> <span class='ocrx_word' id='word_1_400' title='bbox 3434 3881 3773 3963; x_wconf 76' lang='lat' dir='ltr'>juventute</span> <span class='ocrx_word' id='word_1_401' title='bbox 3818 3907 4045 3949; x_wconf 79' lang='lat' dir='ltr'>servos</span> <span class='ocrx_word' id='word_1_402' title='bbox 4089 3900 4156 3948; x_wconf 87' lang='lat' dir='ltr'>et</span> <span class='ocrx_word' id='word_1_403' title='bbox 4196 3883 4421 3947; x_wconf 83' lang='lat' dir='ltr'>exules</span> 
     </span>
     <span class='ocr_line' id='line_1_73' title="bbox 2916 3986 4416 4071; baseline -0.003 -20"><span class='ocrx_word' id='word_1_404' title='bbox 2916 3988 2998 4051; x_wconf 90' lang='lat' dir='ltr'>ad</span> <span class='ocrx_word' id='word_1_405' title='bbox 3043 4011 3221 4051; x_wconf 85' lang='lat' dir='ltr'>arma</span> <span class='ocrx_word' id='word_1_406' title='bbox 3283 3998 3503 4060; x_wconf 83' lang='lat' dir='ltr'>vocat,</span> <span class='ocrx_word' id='word_1_407' title='bbox 3574 3986 3890 4050; x_wconf 80' lang='lat' dir='ltr'>exhausto</span> <span class='ocrx_word' id='word_1_408' title='bbox 3950 3988 4207 4051; x_wconf 90' lang='lat' dir='ltr'>aerario</span> <span class='ocrx_word' id='word_1_409' title='bbox 4275 4004 4416 4071; x_wconf 85' lang='lat' dir='ltr'>pre·</span> 
     </span>
     <span class='ocr_line' id='line_1_74' title="bbox 2918 4088 4414 4173; baseline -0.005 -21"><span class='ocrx_word' id='word_1_410' title='bbox 2918 4092 3149 4153; x_wconf 86' lang='lat' dir='ltr'>tiosam</span> <span class='ocrx_word' id='word_1_411' title='bbox 3207 4088 3430 4173; x_wconf 84' lang='lat' dir='ltr'>palatii</span> <span class='ocrx_word' id='word_1_412' title='bbox 3492 4088 3975 4170; x_wconf 79' lang='lat' dir='ltr'>supellectilem</span> <span class='ocrx_word' id='word_1_413' title='bbox 4036 4090 4264 4153; x_wconf 79' lang='lat' dir='ltr'>vendit</span> <span class='ocrx_word' id='word_1_414' title='bbox 4339 4088 4414 4162; x_wconf 78' lang='lat'>⁸).</span> 
     </span>
     <span class='ocr_line' id='line_1_75' title="bbox 2920 4185 4412 4274; baseline -0.007 -17"><span class='ocrx_word' id='word_1_415' title='bbox 2920 4196 3316 4257; x_wconf 82' lang='lat' dir='ltr'>Carnuntum</span> <span class='ocrx_word' id='word_1_416' title='bbox 3380 4188 3754 4251; x_wconf 81' lang='lat' dir='ltr'>Pannoniae</span> <span class='ocrx_word' id='word_1_417' title='bbox 3831 4191 4191 4274; x_wconf 85' lang='lat' dir='ltr'>superioris</span> <span class='ocrx_word' id='word_1_418' title='bbox 4261 4185 4412 4252; x_wconf 87' lang='lat' dir='ltr'>belli</span> 
     </span>
     <span class='ocr_line' id='line_1_76' title="bbox 2920 4288 4414 4372; baseline -0.008 -16"><span class='ocrx_word' id='word_1_419' title='bbox 2920 4293 3143 4355; x_wconf 82' lang='lat' dir='ltr'>sedem</span> <span class='ocrx_word' id='word_1_420' title='bbox 3178 4290 3410 4372; x_wconf 81' lang='lat' dir='ltr'>deligit</span> <span class='ocrx_word' id='word_1_421' title='bbox 3475 4288 3561 4367; x_wconf 83' lang='lat' dir='ltr'>l‘).</span> <span class='ocrx_word' id='word_1_422' title='bbox 4384 4309 4414 4350; x_wconf 54' lang='grc' dir='ltr'>,ι</span> 
     </span>
     <span class='ocr_line' id='line_1_77' title="bbox 3203 4391 4411 4460; baseline -0.008 -4"><span class='ocrx_word' id='word_1_423' title='bbox 3203 4400 3291 4456; x_wconf 85' lang='grc' dir='ltr'><strong>Μ.</strong></span> <span class='ocrx_word' id='word_1_424' title='bbox 3339 4393 3869 4458; x_wconf 77' lang='lat' dir='ltr'>AN&#39;FONINVS.</span> <span class='ocrx_word' id='word_1_425' title='bbox 3919 4395 4121 4460; x_wconf 71' lang='lat' dir='ltr'><strong>AVG.</strong></span> <span class='ocrx_word' id='word_1_426' title='bbox 4171 4397 4311 4454; x_wconf 74' lang='grc' dir='ltr'><strong>ΤΒ.</strong></span> <span class='ocrx_word' id='word_1_427' title='bbox 4342 4391 4411 4448; x_wconf 82' lang='grc' dir='ltr'><strong>Ρ.</strong></span> 
     </span>
     <span class='ocr_line' id='line_1_78' title="bbox 3207 4498 4171 4572; baseline 0 -16"><span class='ocrx_word' id='word_1_428' title='bbox 3207 4498 3467 4556; x_wconf 74' lang='lat' dir='ltr'>XXIIII.</span> <span class='ocrx_word' id='word_1_429' title='bbox 3545 4500 3745 4572; x_wconf 68' lang='lat' dir='ltr'>Caput</span> <span class='ocrx_word' id='word_1_430' title='bbox 3789 4500 4171 4558; x_wconf 68' lang='lat' dir='ltr'>laureatum.</span> 
     </span>
    </p>
   </div>
  </div>
 </body>
</html>
