4652 5937
1390 489 2438 637 ΒῙἈΠνΜΕΝῙΑΝν-ε.

840 705 996 771 m?
1041 705 1260 771 cAEs
1307 709 1377 767 M

694 809 1072 876 opssmvs
1120 807 1524 877 SEVERVS

646 910 1111 977 nacnmvs
1156 910 1353 977 Plvs
1397 909 1578 972 ΓΕΒ

653 1013 745 1074 tx
788 1010 1252 1080 Avcvsrvs
1288 1006 1572 1075 ῬοΝΤι

661 1113 842 1175 FEx
884 1110 1076 1173 mx
1121 1114 1327 1173 'rme
1370 1109 1579 1174 Por

666 1216 725 1274 11
768 1216 822 1275 P
864 1216 919 1275 P
964 1209 1130 1274 cos
1176 1211 1544 1276 Pnocom

685 1314 851 1382 ενι,
897 1316 1015 1374 ΕΤ
1059 1315 1131 1373 Μ
1176 1309 1561 1382 opumve

694 1414 1198 1496 ANTONINVS
1241 1412 1522 1482 manv

562 1515 985 1579 mNtAst
1032 1516 1679 1584 Nommssmvs‘

466 1606 725 1682 'CAES
769 1616 1194 1679 PmNcssrs
1240 1618 1697 1685 1VVENTV'1·

607 1715 1390 1784 enovaNTffifflm
1432 1715 1613 1786 Avo

792 1883 805 1896 ,
873 1819 1354 1890 FECERVN'P

366 2018 641 2084 Additus
707 2018 1006 2084 Macrino
1058 2020 1426 2084 tribunatus
1473 2022 1555 2083 11.
1632 2020 1849 2099 docet,

368 2142 657 2184 marmor
712 2121 888 2182 istud
937 2121 1142 2185 fuisse
1201 2121 1487 2205 positum
1534 2121 1677 2206 ejus
1727 2122 1858 2204 jam

361 2221 644 2306 imperio
676 2221 759 2285 ud
786 2220 985 2286 finem
1026 2237 1366 2307 vergente,
1411 2237 1479 2286 et
1509 2237 1726 2286 tamen
1748 2221 1858 2285 ad·

366 2322 493 2387 bue
531 2322 1054 2386 Diadumeniano
1095 2323 1310 2386 honor
1338 2326 1711 2407 Augusteus
1742 2343 1856 2385 ne-

368 2412 577 2511 g'atur.
623 2428 770 2487 Non
803 2420 1024 2499 obest,
1076 2424 1140 2485 ei
1178 2425 1351 2487 hunc
1390 2424 1709 2501 honorem
1743 2424 1854 2487 de-

366 2524 533 2588 ferri
568 2525 784 2589 verbis
804 2524 1610 2593 PROVIDENTISSIMI.
1631 2524 1852 2599 AVG.‚

363 2641 510 2693 nam
560 2625 1073 2690 communicatus
1106 2625 1161 2687 is
1195 2646 1343 2691 cum
1376 2624 1516 2687 filio
1547 2623 1673 2689 fuit
1700 2647 1856 2711 pro·

364 2741 514 2812 pter
569 2728 971 2790 consortium
1027 2747 1174 2791 cum
1226 2739 1451 2809 patre,
1512 2725 1698 2808 cujus
1735 2745 1857 2788 nos

363 2829 578 2913 plura,
601 2847 808 2913 eaque
829 2827 1188 2893 certissima
1212 2827 1510 2911 exempla
1549 2827 1860 2911 deinceps

366 2928 802 3006 intuebimur,
848 2944 917 2993 et
950 2929 1330 3014 cumprimis
1367 2927 1518 2997 Vol.
1551 2928 1741 3008 VIII,
1784 2928 1854 2992 in

370 3029 753 3098 Observatis
784 3051 932 3117 gen.
970 3032 1089 3094 sub
1123 3032 1314 3094 titulo
1342 3031 1645 3112 Auyusti.

742 3281 753 3290 «
847 3255 1065 3338 Verum
1112 3239 1399 3316 cmiaz?

494 3434 963 3500 mediobarbus
1006 3434 1597 3500 Diadumenianum
1647 3456 1684 3498 a
1745 3455 1857 3518 pa·

240 3613 251 3622 Ο
371 3553 470 3603 tre
529 3559 681 3601 mox
740 3537 819 3599 ab
886 3534 1063 3600 adito
1119 3536 1397 3620 imperio
1462 3555 1593 3599 non
1657 3536 1857 3599 modo

372 3640 614 3705 dictum
654 3642 1051 3722 Augustum,
1112 3635 1228 3698 sed
1266 3636 1460 3698 etiam
1518 3637 1858 3700 consulem

374 3748 613 3804 iterum
647 3736 1053 3823 pronunciat.
1101 3739 1264 3801 Cum
1299 3756 1381 3814 eo
1412 3736 1666 3800 ratione
1711 3755 1867 3800 eon·

374 3843 620 3924 sulatus
657 3838 853 3901 sentit
897 3857 1159 3923 quoque
1194 3839 1656 3904 Tillemontius
1678 3880 1697 3913 ,
1753 3836 1863 3898 ad-
1901 3903 1905 3908 ,

374 3941 547 4017 dito,
609 3938 988 4002 consulatus
1039 3958 1152 4000 eos
1192 3937 1399 4023 fuisse
1433 3938 1744 4003 suffectos
1779 3937 1861 4017 ⁸).

371 4043 623 4110 Verum
673 4059 756 4101 ex
804 4059 934 4123 quo
980 4039 1164 4102 fonte
1211 4039 1677 4102 Mediobarbus
1713 4060 1863 4123 per·

372 4162 631 4206 versam
688 4138 855 4203 banc
927 4140 1289 4203 doctrinam
1351 4140 1600 4214 hausit,
1694 4161 1861 4224 quae

377 4263 524 4306 cum
566 4240 839 4303 historia
882 4260 1038 4303 vcra
1092 4242 1400 4325 componi
1442 4241 1629 4303 nullo
1663 4242 1860 4306 modo

372 4342 639 4427 potest?
729 4341 1040 4405 nimirum
1102 4361 1184 4405 ex
1250 4362 1450 4405 numo
1519 4357 1858 4426 argenteo,

376 4463 567 4528 quem
603 4444 746 4527 ipse
775 4442 1060 4526 primum
1116 4441 1188 4504 in
1217 4457 1482 4507 moneta
1507 4443 1861 4507 Diadume-

450 4750 513 4818 ε)
548 4746 609 4825 in
642 4744 903 4803 Macrino
941 4764 1002 4821 p.
1043 4764 1121 4803 m.
1148 4754 1273 4810 252.

1879 1074 1883 1078 ,
1973 1008 2332 1071 eruendam
2373 1010 2716 1073 veritatem
2771 1013 3153 1078 advocetur.

3315 543 3458 618 2133

1965 703 2143 768 niani
2176 704 2259 768 ad
2290 707 2373 775 V.
2394 706 2466 769 C.
2492 722 2608 787 97¹
2648 703 2825 782 citat,
2869 704 2935 767 in
2975 705 3161 790 cujus
3194 728 3461 777 aversa:

1956 806 2049 867 P.
2094 808 2213 888 ‚M.
2285 809 2426 868 ΤΒ.
2467 809 2591 869 nP.
2651 809 2736 871 11.
2813 808 3001 872 COS.
3065 811 3146 875 II.
3222 814 3297 874 P.
3369 806 3465 878 P.

1970 906 2340 991 Egregium
2389 927 2543 969 sane
2575 926 3112 988 monumentum,
3171 916 3350 999 quod
3385 917 3467 980 ad

3275 1019 3463 1095 Este,

1967 1128 2102 1171 non
2145 1129 2518 1192 repugnare
2583 1111 2808 1174 titulos
2861 1116 3303 1196 posteriores,
3384 1141 3467 1181 an

1967 1228 2103 1271 non
2148 1208 2254 1271 vel
2309 1208 2592 1273 tironem
2647 1213 2996 1275 advertere
3049 1236 3202 1280 mox
3262 1217 3465 1281 debet

1967 1309 2197 1371 titulus
2242 1311 2317 1370 P.
2378 1313 2472 1375 M.
2515 1310 3070 1392 Diadumeniano,
3133 1314 3478 1403 utcunque’

1967 1428 2111 1472 rem
2150 1423 2449 1491 spectes,
2496 1409 2823 1476 indebitus
2839 1412 2891 1474 2²·
2929 1417 3032 1476 Ex
3066 1437 3196 1502 quo
3240 1439 3467 1483 eonse-

1968 1508 2212 1592 quitur,
2260 1509 2386 1572 etsi
2420 1509 2860 1575 adulterinum
2881 1535 3026 1579 esse
3047 1539 3313 1581 numum
3333 1534 3467 1584 non

1970 1611 2283 1674 continuo
2349 1623 2663 1706 statuam,
2734 1635 3029 1679 aversam
3091 1620 3273 1681 numi
3319 1641 3469 1704 per-

1966 1710 2270 1788 mutatiS,
2346 1712 2532 1795 cujus
2591 1714 2783 1779 obvia
2841 1731 3096 1781 exstant
3144 1711 3468 1804 exempla,

1967 1811 2351 1875 matricibus
2400 1813 2489 1876 ad⁴
2514 1817 2878 1879 Macrinum
2912 1819 3289 1901 pertinere,
3356 1839 3467 1886 aut

1960 1928 2144 1978 certe
2186 1933 2457 1975 numum
2510 1914 2719 1993 hunc,
2766 1921 3071 2001 quoniam
3112 1936 3466 2006 argenteus

1963 2014 2220 2091 fertur,
2265 2035 2413 2078 esse
2444 2015 2892 2095 subuersum,
2941 2034 3008 2109 et
3055 2021 3224 2084 adeo
3260 2022 3341 2084 ad
3374 2024 3470 2087 fa·
3589 2016 3594 2025 ’

1973 2114 2269 2178 ciendam
2317 2114 2515 2179 fidem
2569 2119 2886 2201 ineptum.
2973 2119 3163 2184 Adeo
3193 2144 3317 2188 ,ars
3355 2146 3472 2188 no·

1972 2229 2143 2291 stra,
2220 2237 2387 2301 quae
2438 2232 2568 2280 tam
2633 2217 2981 2302 insigniter
3029 2220 3464 2308 philologiam

1969 2316 2183 2399 juvat,
2231 2317 2423 2382 etiam
2464 2319 2770 2380 damnosa
2815 2332 2949 2393 est,
2994 2322 3121 2383 nisi
3174 2325 3466 2390 criticam

1965 2416 2322 2500 jungimuS.
2365 2417 2628 2481 Nollem
2651 2419 2715 2479 in
2734 2420 2930 2482 simili
2959 2443 3148 2486 causa
3166 2427 3471 2507 gravissi-

1965 2528 2073 2614 me
2094 2520 2343 2602 lapsum
2361 2517 2686 2581 eruditum
2706 2520 3071 2597 Rhemum,
3093 2525 3204 2607 qui
3238 2546 3473 2611 argen-

1971 2634 2147 2682 teum
2186 2632 2355 2682 mast.
2370 2620 2545 2682 mod.
2579 2641 2659 2682 ex
2678 2640 2906 2685 museo
2923 2624 3170 2685 Ariosti
3190 2625 3283 2688 sic
3305 2636 3468 2709 'pro-

1974 2721 2224 2805 mulgat
2258 2718 2361 2803 bjx
2422 2717 2844 2786 AHMAPX.
2889 2719 3015 2787 ΕΞ.
3057 2720 3465 2792 THATOC.

1968 2820 2127 2886 TO.
2175 2820 2295 2899 A„
2359 2840 2441 2883 ex
2490 2842 2622 2906 quo
2679 2824 2845 2909 adeo
2912 2823 3159 2889 indicio
3215 2828 3471 2910 primus

1968 2924 2202 2988 saltem
2251 2922 2752 2987 Diadumeniani
2814 2926 3189 2989 consulatus
3240 2943 3468 3011 posset
3593 2958 3608 2967 ·

1969 3026 2134 3087 erui.
2181 3027 2433 3094 Verum
2461 3026 2526 3086 in
2552 3025 2814 3089 laudato
2833 3048 3032 3090 numo
3054 3023 3463 3115 nequaquam

1968 3125 2115 3186 TO.
2162 3126 2426 3192 A.1scd
2487 3125 2792 3190 distincte
2857 3125 2994 3188 ΤΟ.
3054 3125 3132 3190 Δ.’
3191 3131 3464 3215 legitur,

1974 3226 2152 3311 quod
2197 3227 2524 3308 spondere
2579 3249 2881 3312 possum,
2944 3228 3250 3314 quoniam
3306 3253 3471 3316 gaza
3561 3269 3570 3274 -

1971 3328 2342 3391 Ariostiana
2406 3350 2555 3392 cum
2618 3325 2847 3390 museo
2905 3327 3229 3394 Caesareo
3292 3335 3472 3397 unita

1966 3450 2237 3492 numum
2272 3430 2484 3510 ipsum
2521 3441 2671 3489 ante
2717 3425 2945 3490 oculos
2980 3429 3214 3492 habeo.
3276 3435 3461 3518 Ergo

1972 3530 2031 3591 si
2066 3549 2264 3591 numo
2297 3525 2453 3590 huic
2482 3527 2670 3604 fides,
2714 3549 2846 3590 nou
2865 3550 3087 3602 unum,
3131 3531 3237 3596 vel
3277 3532 3468 3609 duoS,

1974 3629 2095 3693 sed
2152 3630 2333 3714 ipsos
2391 3644 2671 3714 quatuor
2743 3630 3117 3719 consulatus
3175 3630 3472 3696 dabimus

1976 3751 2190 3816 puero
2223 3729 2523 3796 decenni.
2614 3730 2781 3824 Quis
2808 3750 2939 3791 non
2977 3728 3190 3806 videt,
3232 3753 3474 3816 prope·

1982 3830 2277 3894 rantibus
2314 3831 3068 3908 monetariis'aversam,
3125 3852 3292 3916 quae
3337 3846 3475 3898 tota

1934 3955 1941 3962 ·
1984 3933 2359 3997 Caracallae
2405 3947 2535 4008 est,
2612 3951 2756 3994 cum
2813 3931 3318 3995 Diadumeniani
3372 3954 3477 3996 ca—

1979 4034 2117 4117 pite
2151 4032 2609 4115 conjunctam?
2652 4035 2902 4095 Numus
2943 4045 3044 4094 est
3071 4032 3474 4096 Antiochen-

1982 4135 2070 4197 sis
2094 4180 2111 4212 ,
2158 4148 2226 4195 et
2260 4132 2473 4196 refert
2503 4133 2918 4217 Lampridius
2950 4134 3050 4214 qt
3094 4137 3216 4194 hac
3246 4137 3472 4197 hahita
3559 4183 3562 4186 -

1977 4242 2281 4300 concione
2351 4236 2619 4317 (nempe
2689 4233 2966 4295 Macrini
3038 4231 3121 4295 ad
3195 4232 3474 4314 milites)

1973 4340 2194 4422 statim
2229 4342 2418 4418 apud
2461 4339 2874 4412 Antiochiam
2911 4340 3228 4397 monetam
3270 4340 3473 4398 Anto·

1974 4439 2120 4500 nini
2172 4441 2560 4500 Diadumeni
2599 4440 2853 4499 nominc
2899 4439 3267 4515 percussam
3310 4426 3466 4498 cese.

1423 4745 1493 4819 b)
1533 4743 1844 4825 Subplem.
1882 4764 1942 4821 p.
1980 4752 2105 4813 ιω.
2156 4705 2165 4712 x
2250 4744 2309 4817 c>
2349 4738 2413 4799 in
2449 4738 2722 4800 Diadum.
2763 4759 2814 4799 c.
2847 4752 2938 4801 2..

2835 4832 3060 4895 Hbs
