4652 5937
1388 454 1959 581 GORDIaNI
2024 454 2080 529 Ι.
2134 477 2223 529 ΕΤ
2275 453 2370 529 ΙΙ.

328 657 503 725 vida·
547 655 630 721 de
673 654 777 716 his
811 648 1078 733 copiose
1127 630 1567 729 disputantem
1616 643 1820 728 Span-

332 757 624 824 hcmium
658 758 716 838 ¹¹)
738 798 754 831 ,
800 766 868 816 et
897 749 1301 815 Bandurium
1330 744 1418 830 ¹³).

754 956 1404 1038 Animadversio

542 1083 617 1144 dn
656 1097 882 1141 numos
925 1077 1257 1155 utriusque
1292 1070 1632 1135 Gordiani.

475 1265 640 1328 Cum
693 1259 1034 1343 utriusque
1092 1253 1406 1319 Gordiani
1462 1249 1644 1314 numi
1690 1268 1839 1312 ean-

350 1369 502 1429 dem
550 1361 924 1448 praeferant
985 1358 1214 1442 capitis
1271 1353 1711 1440 epigraphen,
1772 1363 1840 1414 et

348 1466 652 1535 easdem,
736 1462 996 1544 dempta
1061 1459 1288 1532 unica,
1366 1475 1665 1528 aversas,
1740 1471 1845 1514 so-

347 1571 488 1633 lum
537 1563 928 1636 discrimen,
972 1558 1055 1623 ad
1099 1574 1317 1622 utrum
1359 1555 1601 1638 singuli
1644 1554 1846 1638 perti-

352 1683 584 1743 neant,
630 1690 669 1731 a
703 1662 931 1748 capitis
950 1659 1251 1745 peristasi
1286 1656 1550 1742 pendet.
1598 1654 1847 1718 Obser-

356 1771 504 1834 vavi
540 1782 686 1853 post
706 1767 904 1842 alios,
951 1762 1227 1828 senioris
1254 1761 1502 1822 vultum
1523 1777 1669 1821 esse
1689 1777 1849 1818 non-

357 1873 523 1935 nihil
581 1870 977 1951 oblongum,
1049 1879 1113 1927 et
1175 1863 1634 1934 macilentum,
1690 1877 1850 1922 naso

363 1972 625 2035 modice
660 1969 972 2054 gibboso,
1017 1965 1326 2028 nimirum
1359 1983 1522 2027 aevo
1551 1959 1851 2047 pinguio-

362 2092 476 2135 res
530 2086 752 2156 partes
817 2068 1179 2141 exedente,
1237 2080 1431 2149 atque
1492 2061 1850 2125 secundum

367 2175 499 2238 hoc
542 2184 771 2236 verum
808 2192 954 2234 esse
985 2180 1236 2254 potest,
1283 2165 1460 2250 quod
1492 2185 1576 2225 ex
1618 2163 1859 2229 Vulca-

369 2277 463 2339 tio
522 2271 922 2339 Terentiano
990 2269 1223 2332 recitat
1292 2260 1699 2349 Capitolinus
1761 2262 1857 2343 ο),

371 2374 778 2439 Gordianum
814 2373 1140 2435 seniorem
1170 2380 1697 2452 repraesentasse
1730 2366 1866 2428 Au·

375 2475 547 2560 gusti
591 2475 879 2549 vultum,
941 2472 1248 2534 nimirum
1306 2470 1437 2552 jam
1494 2469 1565 2531 in
1608 2468 1861 2530 senium

375 2576 734 2669 vergentis.
815 2577 1062 2639 Contra
1119 2569 1396 2655 junioris
1442 2569 1689 2633 vultum
1733 2589 1868 2629 ma·

380 2678 481 2762 gis
520 2690 926 2741 contractum
955 2720 972 2750 ,
1019 2675 1104 2738 ob
1142 2694 1331 2758 quam
1366 2683 1638 2734 .causam
1674 2672 1867 2731 Pom·

379 2766 805 2863 peji'similis
864 2800 900 2839 a
956 2776 1286 2840 nonnullis
1343 2772 1601 2835 habitus
1644 2770 1867 2853 fuerit,

385 2895 458 2942 ut
514 2880 749 2942 eodem
809 2878 962 2940 loco
1019 2876 1346 2950 refertur,
1426 2872 1867 2957 pinguiorem,

330 2971 339 2978 Ι
386 2986 565 3064 (nam
589 2996 654 3045 et
678 2979 926 3042 ibidem
962 2978 1144 3041 obesi
1179 2977 1381 3039 fuisse
1401 2976 1695 3061 corporis
1722 2993 1872 3058 pro·

390 3085 597 3165 ditur)
629 3083 850 3145 fronte
887 3082 1317 3153 recalvastra,
1362 3077 1537 3139 forte
1584 3075 1670 3166 ob
1701 3094 1876 3137 amo·

390 3187 482 3248 ris
517 3183 997 3267 intemperiem.
1045 3187 1226 3245 Haec
1267 3179 1527 3243 criteria
1563 3176 1627 3237 in
1662 3175 1876 3236 numis

396 3288 540 3348 aliis
580 3285 740 3350 satis
786 3300 933 3346 sunt
980 3284 1342 3355 luculenta,
1398 3281 1462 3340 in
1526 3276 1669 3340 aliis
1714 3271 1881 3336 diffi-

397 3388 587 3451 cilius
632 3386 1028 3460 discrimen,
1093 3402 1369 3469 quorum
1425 3378 1626 3442 facies
1670 3376 1883 3459 plera·

396 3508 524 3573 que
600 3486 800 3548 habet
873 3484 1191 3550 Gordiani
1270 3478 1545 3543 senioris
1622 3489 1887 3560 praeter

400 3604 679 3655 aetatem
722 3587 915 3654 nimis
959 3584 1354 3666 juvenilem,
1415 3599 1582 3663 quae
1625 3578 1886 3640 referre

401 3692 893 3781 octogenarium
922 3687 1106 3750 nullo
1142 3697 1332 3768 pacto
1361 3693 1595 3764 potest.
1649 3680 1896 3742 Secun-

406 3800 560 3861 dum
604 3794 899 3877 regulam
958 3786 1310 3871 Vaillantii·
1354 3783 1532 3846 numi
1591 3781 1891 3864 inscripti

404 3903 480 3964 P.
525 3901 621 3962 M.
668 3898 807 3956 ΤΒ.
850 3896 931 3955 P.
975 3883 1190 3954 (308.Δ
1223 3889 1300 3951 P.
1344 3887 1415 3982 P.
1480 3883 1559 3946 ad
1616 3882 1892 3945 Gordia·

349 4012 353 4015 ⁴
409 4021 567 4066 num
608 3995 939 4060 seniorem
973 3988 1337 4076 pertinent,
1383 4005 1583 4069 quae,
1630 3985 1753 4074 ait,
1798 3984 1894 4046 in-

413 4101 682 4184 scriptio
702 4099 768 4159 in
789 4093 1122 4158 Gordiano
1144 4086 1282 4151 filio
1298 4107 1428 4148 non
1448 4086 1779 4170 reperitur
1810 4083 1896 4164 d).

415 4201 668 4276 Cred0,
715 4200 927 4262 virum
970 4195 1293 4274 insignem
1339 4209 1471 4249 non
1514 4185 1711 4249 modo
1746 4207 1898 4270 pro·

416 4319 568 4389 pter
625 4301 758 4363 oris
803 4301 1234 4363 lineamenta,
1297 4308 1460 4373 quae
1513 4288 1634 4366 bos
1668 4307 1900 4351 numos

3265 469 3405 533 301

1929 636 2363 725 propendisse
2382 634 2786 710 sententiam,
2833 632 2949 695 sed
2980 633 3213 712 etiam,
3260 657 3420 722 quo·
3489 698 3494 703 ,

1931 739 2104 800 niam
2137 750 2474 800 constante
2502 739 2814 799 hactenus
2839 735 2992 817 lege
3020 738 3423 800 nonnisiAu·

1937 855 2163 925 gustus
2184 839 2407 901 senior
2425 882 2441 913 ,
2489 858 2636 900 cum
2663 836 2789 897 duo
2823 849 3041 902 tresve
3062 842 3425 902 essentAu-

1940 942 2149 1027 gusti,
2212 936 2658 1026 pontificatum
2712 937 3062 1000 maximum
3124 940 3425 1004 obiverit.

1947 1045 2027 1104 At
2070 1041 2241 1102 enim
2277 1054 2426 1121 post
2459 1039 2598 1100 dies
2643 1060 2772 1100 non
2812 1042 3050 1104 multos
3085 1064 3118 1103 a
3156 1042 3431 1104 Gordia-

1948 1163 2181 1203 norum
2204 1141 2388 1203 obitu
2408 1154 2660 1202 certum
2684 1154 2811 1216 est,
2858 1142 3046 1206 binos
3077 1166 3200 1206 una
3227 1130 3431 1205 fuisse

1949 1240 2295 1327 pontifices
2385 1242 2737 1335 maximos,
2820 1245 3167 1305 Balbinum
3241 1258 3435 1328 atque

1954 1344 2363 1428 Pupienum,
2409 1363 2526 1403 cur
2571 1341 2741 1406 idem
2805 1344 3014 1405 honos
3069 1367 3200 1406 non
3253 1359 3439 1427 pote-

1958 1460 2056 1506 rat
2132 1446 2328 1506 etiam
2410 1442 2690 1504 deferri-
2734 1440 2992 1529 utrique
3055 1445 3439 1508 Gordiano?

1959 1543 2062 1605 Ad
2107 1541 2307 1619 haec',
2374 1546 2428 1606 si
2484 1544 2553 1606 hi
2611 1547 2791 1606 numi
2835 1561 3108 1629 propter
3150 1548 3439 1609 additum

1961 1651 2033 1710 Ρ.
2079 1649 2169 1709 Μ.
2218 1645 2548 1708 adimendi
2608 1640 2755 1708 s'unt
2801 1649 3132 1735 Gordiano
3174 1648 3442 1731 juniori,

1960 1750 2161 1813 iidem
2220 1762 2495 1831 propter
2552 1746 2842 1811 additum
2912 1748 3191 1835 simplex
3253 1750 3444 1817 Cos,

1964 1850 2295 1914 adimendi
2340 1862 2530 1912 eruut
2576 1851 2856 1937 seniori5
2916 1874 3063 1913 nam
3115 1865 3284 1914 teste
3331 1854 3450 1917 Ca·

1964 1952 2274 2035 pitolino,
2319 1963 2393 2012 ut
2436 1950 2604 2012 infra
2660 1951 2727 2010 in
2785 1954 2977 2015 titulo
3026 1957 3314 2017 Consulis
3356 1953 3453 2017 vi-

1967 2055 2305 2125 debimus,
2354 2052 2574 2113 senior
2604 2052 2816 2115 adhuc
2850 2057 3139 2137 privatus
3185 2044 3453 2138 prdces·

1914 2177 1932 2188 ·
1971 2158 2054 2220 sit
2090 2152 2314 2219 consul
2352 2153 2622 2226 iterum,
2665 2151 2886 2235 junior
2913 2156 3152 2230 semel;
3202 2156 3378 2242 quod
3397 2161 3454 2221 si

1976 2279 2238 2331 verum,
2304 2267 2429 2315 tam
2485 2274 2713 2337 parurn
2778 2254 2842 2313 in
2891 2256 3223 2319 Gordiano
3268 2274 3455 2342 patre

1976 2360 2253 2423 omissus
2309 2355 2543 2418 fuisset
2609 2354 2823 2417 obitus
2885 2355 3025 2439 ejus
3080 2360 3456 2424 consulatus

1979 2462 2254 2545 duplex,
2303 2479 2493 2542 quam
2537 2479 2767 2540 parum
2805 2456 3047 2541 duple'x
3081 2461 3458 2524 consulatus

1976 2563 2235 2626 Balbini
2300 2576 2367 2623 et
2410 2559 2723 2642 Pupieni,
2785 2579 2978 2643 quem
3040 2563 3279 2646 privati
3322 2565 3461 2624 obi-

1979 2677 2234 2729 verunt.
2278 2664 2492 2746 Atque
2525 2660 2686 2723 haec
2720 2681 2910 2722 causa
2950 2661 3112 2738 suit,
3160 2685 3278 2725 cur
3303 2664 3459 2726 olim
3549 2726 3554 2729 ,

1981 2768 2047 2829 in
2087 2763 2530 2846 descriptione
2565 2762 2773 2823 musei
2810 2763 3110 2825 Caesarei
3149 2744 3461 2829 suadente

1981 2878 2324 2950 praeterea
2355 2862 2750 2945 juveniliore
2806 2853 2988 2926 vultu
3044 2887 3310 2929 numum
3370 2868 3467 2929 in·

1986 2966 2300 3052 scriptum
2346 2967 2417 3028 P.
2467 2968 2553 3026 M.
2593 2962 2924 3031 Gordiano
2973 2965 3219 3048 juniori
3265 2970 3469 3032 tribu·

1989 3065 2226 3132 endum
2274 3067 2658 3156 putaverim.
2725 3068 2814 3129 At
2855 3080 3198 3152 postquam
3244 3090 3473 3135 secun-

1951 3166 1954 3169 ’
1991 3172 2092 3231 dis
2125 3170 2301 3233 curis
2320 3168 2538 3243 video,
2586 3169 2902 3230 rationem
2927 3213 2944 3242 ,
2990 3185 3471 3257 propterquam

1992 3270 2306 3337 Balbinus
2358 3283 2425 3330 et
2453 3269 2788 3351 Pupienus
2828 3292 2958 3332 uno
2991 3285 3288 3355 tempore
3316 3296 3474 3356 pon-

1994 3373 2206 3437 tifices
2243 3369 2501 3431 maximi
2534 3369 2690 3431 dicti
2719 3368 2908 3431 fuere
2929 3413 2946 3443 ,
2990 3392 3121 3432 non
3148 3392 3341 3453 posse
3373 3395 3479 3434 va·

1997 3477 2142 3537 lere
2178 3470 2260 3536 ad
2292 3470 2692 3546 Gordianos,
2738 3483 2804 3534 et
2839 3472 3138 3553 longiore
3169 3493 3289 3534 usu
3326 3457 3480 3538 edo·

2002 3589 2147 3638 ctus
2191 3571 2373 3648 su'm,
2433 3592 2565 3634 non
2623 3589 2885 3655 semper
2929 3574 3279 3656 Capitolini
3340 3595 3483 3637 ora·

2004 3676 2151 3739 cula
2193 3673 2391 3736 fidem
2433 3674 2708 3746 mereri,
2773 3693 2937 3757 quae
2997 3674 3236 3736 cedere
3282 3658 3486 3737 conti·

2003 3797 2137 3839 nuo
2182 3767 2461 3845 debent,
2522 3795 2671 3837 cum
2728 3793 2887 3837 vera
2946 3774 3259 3838 historiae
3315 3776 3487 3838 ratio

2005 3876 2184 3939 aliud
2244 3871 2508 3951 suadet,
2585 3868 2877 3965 Veritatis
2950 3895 3135 3937 amor
3187 3873 3490 3959 profiteri

2009 3980 2220 4062 cogit,
2264 3997 2487 4041 veram
2542 3996 2689 4039 esse
2721 3976 3055 4042 Vaillantii
3100 3976 3489 4042 sententiam

2012 4081 2133 4143 hos
2180 4098 2416 4141 numos
2460 4078 2572 4139 uui
2612 4077 2859 4140 seniori
2901 4075 3281 4155 tribuentis,
3341 4077 3497 4140 reli·

2014 4202 2182 4265 quos
2220 4200 2377 4243 vero
2406 4201 2488 4241 ex
2525 4173 2855 4262 descripto
2882 4184 3076 4261 supra
3108 4179 3337 4262 capitis
3358 4200 3496 4250 mo-

2019 4285 2103 4344 do
2150 4280 2588 4354 definiendus,
2649 4278 2942 4364 quamvis
3000 4279 3111 4342 hie
3170 4300 3299 4341 non
3343 4300 3495 4344 raro

414 4425 559 4469 esse
575 4401 888 4467 Gordiani
910 4392 1663 4480 seniorispersuaserint,
1677 4390 1744 4451 in
1759 4408 1902 4452 eam
2021 4384 2256 4448 dubius
2282 4385 2399 4461 sit,
2444 4379 2619 4467 quod
2658 4379 2925 4445 evenire
2958 4398 3229 4444 necesse
3259 4378 3500 4457 fuerat,

409 4529 3484 4573 ,-,,,-,-.-...-.-.-.---------------

489 4637 552 4705 a)
592 4633 758 4689 Tom.
798 4629 868 4684 11.
908 4648 967 4703 p.
1008 4635 1131 4687 243.

422 4744 469 4781 c.
508 4735 598 4785 21.

1246 4623 1314 4696 b)
1354 4619 1510 4681 Bibl.
1547 4640 1709 4678 num.
1748 4617 1893 4675 artic
1954 4615 2072 4673 CL.
2112 4613 2220 4674 sub
2259 4614 2480 4675 Ioanne
2520 4610 2600 4669 du
2639 4614 2776 4670 Bos.

748 4719 816 4792 d)
854 4717 1026 4774 Num.
1066 4726 1283 4792 praest.
1321 4714 1390 4771 T.
1428 4713 1472 4804 Ξ.
1513 4733 1573 4789 p.
1616 4705 1922 4774 152..edit.
1970 4705 2143 4766 Rom.

2901 4613 2960 4683 e)
3002 4606 3064 4667 in
3093 4608 3400 4668 Gordiano
3426 4606 3500 4666 11.
