4652 5937
1118 344 1753 420 PRINCIPES
1831 345 2502 423 PALMYRAE.

182 580 185 581 f
279 534 392 622 qui
438 552 553 597 eos
596 528 799 616 'primi
848 526 1137 593 examini
1178 529 1561 613 subjecere,
1619 540 1769 593 ante

273 655 479 700 annos
520 653 653 695 non
688 631 1164 718 multosffirium
1198 630 1552 714 insignium
1598 628 1774 695 viro-

272 759 419 800 rum
485 735 977 817 lucubrationes
1036 734 1118 799 ad
1180 734 1304 822 bos⁴
1347 730 1771 816 explicandos

277 858 513 903 numos
571 858 704 900 uno
764 837 912 899 fere
977 849 1280 919 tempore
1345 834 1559 897 editas
1608 833 1772 897 vidi-

276 962 419 1005 mus
437 986 452 1017 ,
499 943 549 1002 1.
577 939 835 1001 Erasmi
864 936 1234 1000 Froelicbii
1256 942 1336 1000 de
1359 939 1627 1019 familia
1649 940 1775 998 Va-

278 1038 527 1105 halat'hae·
552 1046 764 1104 nantis
786 1044 1116 1104 illustrata
1144 1041 1516 1120 opusculum
1533 1081 1551 1114 ,
1596 1035 1772 1119 quod

277 1147 350 1206 in
390 1142 665 1206 illustris
726 1140 868 1224 ejus
922 1141 1048 1204 viri
1107 1139 1371 1202 schedis
1431 1152 1771 1221 repertum

278 1257 557 1327 quatuor
609 1258 760 1326 post
816 1245 1035 1319 annis,
1122 1262 1205 1305 ex
1262 1260 1392 1325 quo
1469 1240 1526 1301 is
1596 1239 1772 1302 diem

279 1347 478 1422 obiit,
540 1344 839 1408 Rhellius
899 1347 1102 1428 typis&
1132 1340 1527 1424 vulgandum
1591 1362 1776 1405 cura·-

279 1449 375 1512 vit
403 1446 836 1516 vindobonae
879 1448 1063 1529 1762.
1111 1449 1190 1507 11.
1225 1442 1518 1504 Eduardi
1558 1442 1776 1507 Corsi-

260 1549 373 1621 ,nii
397 1552 735 1622 epistolam
762 1555 1158 1613 deflet-miae
1179 1548 1526 1609 Vabalathi
1538 1550 1798 1620 nemis„

279 1655 547 1731 imperio
566 1694 585 1726 ,
630 1661 820 1735 aeque
855 1660 1087 1714 aetate.
1139 1651 1409 1710 Liburna·
1426 1643 1616 1711 7761.
1660 1648 1770 1708 111.

277 1749 628 1812 Pellerinii
686 1757 888 1834 Reqes
947 1755 1317 1833 Palmyrae,
1394 1748 1462 1808 in
1524 1767 1772 1832 opere:

277 1854 543 1915 nemea
586 1857 698 1915 aas
744 1855 1076 1914 medentes
1121 1856 1200 1913 aa
1243 1853 1400 1913 καί,
1441 1870 1597 1928 paq.
1649 1859 1770 1912 {57
1812 1836 1820 1843 ’

281 1949 461 2015 edito
491 1952 760 2039 Parisiis
800 1949 985 2035 1762.
1027 1951 1282 2011 Horum
1315 1948 1772 2013 commentarii

276 2074 413 2116 non
458 2054 655 2118 modo
708 2055 774 2114 in
811 2053 1029 2137 pretio
1078 2050 1363 2113 habendi
1395 2064 1770 2135 propterea,

282 2155 461 2238 quod
505 2168 765 2217 remoto
828 2178 865 2220 a
923 2151 1495 2238 partium‘studiis
1553 2152 1771 2213 animo

284 2256 514 2338 scripti
555 2269 705 2317 sunt
732 2299 750 2331 ,
795 2276 943 2318 nam
994 2275 1223 2319 eorum
1266 2251 1513 2319 nemini
1566 2252 1653 2341 de
1686 2253 1776 2314 al-

279 2355 885 2438 terius-conatibus
960 2356 1326 2432 constabat,
1389 2356 1516 2419 ‚sed
1576 2357 1774 2418 etiam

283 2458 456 2541 quod
515 2479 637 2521 nos
695 2457 950 2521 abunde
1029 2460 1395 2535 instruunt,
1468 2457 1771 2541 quoniam

279 2559 363 2621 ad
404 2560 856 2645 illustrandam
922 2560 1089 2624 banc
1130 2573 1462 2624 monetam
1507 2578 1771 2623 omnem

280 2662 768 2726 contentionem
789 2662 1072 2725 attulere
1092 2706 1112 2739 ,
1157 2676 1222 2725 et
1257 2675 1472 2725 tamen
1489 2662 1778 2744 plerum·

283 2784 411 2847 que
447 2763 812 2845 confugere
839 2763 920 2828 ad
940 2764 1353 2847 conjecturas
1374 2763 1583 2828 coacti
1606 2776 1776 2849 sunt,

288 2864 372 2926 de
420 2866 806 2929 illustrando
866 2866 1146 2949 amplius
1203 2865 1333 2930 hoc
1388 2880 1776 2950 argumento

202 3019 205 3022 ,
285 2964 766 3050 desperandum
811 2967 999 3030 nobis
1031 2988 1213 3046 esse,
1256 2966 1384 3031 nisi
1427 2966 1569 3032 dies
1618 2968 1775 3031 olim

285 3065 683 3130 certioribus
705 3088 821 3130 nos
844 3069 1184 3149 praesidiis
1211 3068 1508 3132 instruat.
1554 3068 1778 3161 Quare

286 3168 440 3233 satis
496 3168 789 3244 habebO,
848 3171 1081 3232 horum
1135 3169 1369 3236 varias*
1411 3169 1777 3251 opiniones,

285 3270 540 3347 additis,
585 3270 699 3332 ubi
727 3289 1002 3335 necesse
1021 3269 1311 3344 duxero,
1356 3269 1520 3331 meis
1554 3268 1779 3333 obser-

286 3373 491 3449 vatis,
551 3373 775 3456 paucis
833 3390 1390 3447 commemorare,
1450 3370 1774 3453 neglectis

285 3488 507 3536 tamen
579 3476 971 3558 plerumque
1052 3470 1350 3535 inanibus
1408 3467 1772 3548 sententiis,

289 3597 447 3659 quas
491 3588 752 3640 veteres
815 3577 974 3639 artis
1035 3586 1300 3637 nostrae
1356 3573 1646 3656 magistri
1694 3591 1776 3634 ex

289 3675 509 3758 iniqua
541 3677 1039 3761 inscriptionum
1081 3678 1409 3750 lectione,
1453 3687 1561 3736 aut
1598 3671 1778 3758 quod

288 3776 537 3840 Goltzii
570 3793 938 3843 commenta
969 3775 1216 3863 aliquid
1264 3795 1410 3839 esse
1447 3764 1781 3857 putabant]

287 3879 606 3959 attulere,
653 3900 818 3965 quae
848 3881 959 3964 qui
994 3882 1207 3956 volet,
1251 3877 1496 3964 poterit
1525 3897 1608 3942 ex
1644 3877 1774 3939 lau-

295 3980 438 4047 data
475 3980 762 4048 Corsinii
798 3980 1076 4068 epistola
1110 3999 1372 4064 capere.

1020 4084 1060 4123 ⁴⁵
1182 4124 1223 4166 ue

420 4190 977 4252 ODBNATHVS.
1023 4182 1398 4249 Secundum
1440 4178 1772 4244 Zosimum

292 4286 529 4352 illustri
569 4288 911 4370 Palmyrae
942 4287 1098 4351 loco
1143 4300 1372 4365 natus,
1417 4281 1775 4350 secundum

365 4610 425 4659 a]
465 4605 635 4660 Mem.
676 4605 739 4661 B.
780 4604 843 4660 Le.
878 4604 936 4659 Τ
990 4602 1065 4659 11.
1108 4621 1163 4678 p.
1198 4601 1320 4666 530.

484 4698 665 4770 (Vol.
710 4698 885 4769 Vll.)

3223 373 3397 451 1489‘

1882 529 2281 615 Procopium
2330 529 2651 616 princeps
2692 534 3202 613 Saracenorum,
3265 541 3380 622 qui

1883 632 2288 716 Euphratem
2322 633 2745 710 adcolebant,
2791 646 2979 719 capto
3003 637 3082 704 V.
3105 641 3174 700 C.
3216 653 3380 717 ¹0⁸4

1886 734 1961 801 P.
2009 734 2090 794 X.
2135 735 2253 797 261
2319 758 2359 798 a
2401 737 2625 798 Persis
2673 738 3066 815 Valeriano,
3123 761 3394 803 eorum«

1887 855 2015 918 que
2078 855 2241 919 rege
2308 838 2562 919 Sapore
2609 839 2726 899 toti
2787 837 3048 902 Orienti
3112 841 3380 917 infesto,

1887 936 2050 1001 inito
2112 959 2262 1001 cum
2317 940 2562 1001 Balista
2628 938 2966 1021 praefecto
3043 950 3379 1023 praetorio

1888 1038 2166 1102 foedere
2199 1033 2518 1123 Saporem
2557 1055 2732 1103 trans
2752 1042 3162 1124 Euphratem·
3178 1044 3383 1128 fugat,

1889 1160 2036 1201 eum
2083 1142 2397 1206 continuo
2423 1157 2864 1225 transgressus
2888 1144 3380 1229 Ctesiphontem

1889 1241 2092 1325 ipsam
2151 1246 2362 1327 capit,
2424 1246 2903 1329 imperiumque
2966 1245 3032 1304 in
3095 1246 3385 1313 Oriente.

1891 1346 2141 1426 Sapore
2186 1346 2410 1409 multis
2467 1346 2761 1409 cladibus
2806 1346 3026 1410 attrito
3073 1349 3379 1413 restituit.

1887 1444 2230 1508 Gallienus
2287 1462 2431 1523 acto
2469 1451 2717 1511 Romae
2769 1448 2850 1511 de
2893 1450 3115 1533 Persis
3169 1451 3385 1516 aliena

1887 1549 2128 1612 virtute
2162 1546 2422 1610 domitis
2442 1534 2794 1632 triumpho,
2827 1562 2896 1609 ut
2928 1550 3260 1614 hominem
3299 1552 3384 1616 de

1886 1669 1960 1714 se
1993 1663 2119 1712 tam
2154 1651 2495 1730 praeclare
2527 1652 2832 1712 meritum
2853 1651 3054 1733 'digno
3088 1656 3381 1735 praemio

1887 1750 2234 1825 adficeret,
2278 1751 2664 1836 participato
2698 1753 2980 1838 imperio
3014 1757 3380 1837 Augustum

1886 1854 2193 1937 appellat.
2282 1853 2516 1915 Paucis
2574 1868 2723 1934 post
2771 1857 2954 1916 annis
2991 1877 3027 1917 a
3070 1859 3379 1920 Maeonio

1888 1954 2284 2017 consobrino
2326 1973 2365 2015 e
2413 1952 2634 2016 medio
2685 1955 2943 2017 tollitur
2980 1957 3058 2022 V.
3105 1958 3176 2021 C.
3224 1979 3384 2040 tctq

1884 2057 2060 2126 ΒΧ.
2092 2055 2251 2132 266,
2294 2056 2407 2119 vel
2444 2072 2783 2139 sequente,
2825 2072 2897 2119 ut
2924 2058 3265 2142 colligitur
3300 2081 3384 2122 ex
3479 2079 3483 2084 ·

1884 2157 2099 2220 numis
2134 2156 2502 2223 Vabalathi.

2012 2258 2119 2320 Ad
2137 2260 2311 2322 hunc
2332 2257 2747 2323 Odenathum
2770 2259 3216 2324 verisimiliter
3230 2283 3383 2348 per-

1884 2360 2354 2445 tinet‘marmor
2386 2373 2723 2444 repertum
2744 2361 3111 2443 Palmyrae,
3148 2368 3215 2427 et
3232 2378 3385 2447 post

1886 2463 2049 2526 alios
2068 2463 2312 2527 editum
2337 2487 2372 2526 a
2391 2462 2803 2525 Renaudotio
2838 2468 2921 2541 ·)=
2959 2463 3103 2525 ΤΟ.
3128 2462 3386 2527 ΜΝΗ-

1886 2562 2220 2627 ΜΕΙΟΝ.
2264 2562 2489 2637 ΤΟΥ.
2537 2557 3099 2629 ΤΑΦΕΩΝΟΟ.
3137 2563 3387 2627 ΕΚΤῘ-
3491 2564 3502 2567 ’

1889 2664 2092 2743 ΟΕΝ.
2102 2663 2227 2728 ΕΞ.
2252 2660 2560 2726 ΙΔῙΩΝ.
2583 2659 3129 2729 cerITlMlOc.
3135 2665 3386 2734 OAAI,

1880 2758 2228 2836 ΝΑΘΟΟ.
2268 2760 3135 2832 0.AAM11POTATOC.
3167 2763 3387 2835 cTN,

1889 2859 3388 2932 KAHTIKOC.0.A1PANOT.TOT.0‘1⁵A.

1887 2964 2435 3032 ΒΑΛΛΑΘΟΤ.
2487 2973 2638 3032 Hoc
2675 2980 3141 3032 monumentum
3181 2973 3386 3048 sepul-

1889 3074 2064 3133 crale
2076 3074 2242 3151 fecit
2270 3077 2351 3133 de
2385 3094 2502 3133 ma
2514 3073 2791 3149 pecunia
2812 3072 3164 3147 Septimae‘us
3183 3075 3385 3134 Odae-

1888 3177 2120 3233 nathus
2147 3175 2249 3231 οὐ·
2262 3172 2662 3230 clarissimus
2696 3189 2781 3230 ea·
2805 3174 3029 3233 ordine
3058 3177 3383 3237 senatorio

1888 3274 2170 3335 Aer-anis
2192 3272 2405 3349 filius,
2460 3268 2832 3328 Vaballathi
2858 3289 3069 3347 nepos.
3112 3270 3380 3335 illustre

1886 3372 2016 3434 hoc
2035 3388 2321 3432 marmor
2336 3366 2672 3448 complura
2690 3363 2964 3449 egregie
2981 3368 3196 3444 docet,
3235 3391 3309 3434 ac
3329 3374 3379 3432 1.

1889 3470 2184 3556 quidem,
2228 3466 2762 3552 orthographiam
2821 3469 3102 3531 nominis
3137 3466 3384 3534 ΟΔΑῙ-

1895 3571 1963 3634 N
1966 3568 2232 3647 ΑΘΟΟ,
2252 3590 2377 3654 pro
2398 3568 2885 3654 quoEutropius
2906 3565 3237 3646 Οδεναθος,
3256 3574 3383 3648 Ζοο,

1898 3673 2099 3742 simus
2134 3666 2496 3749 Οδανειθος,
2532 3673 2898 3755 Procopius
2932 3664 3265 3749 Οδοναθης
3293 3671 3379 3753 b),

1891 3774 2269 3838 Trebellius
2290 3779 2640 3839 odenatus.
2658 3765 3384 3852 ῙῑειπιΟΥΑΒΑΛΛΑι-Δ

1890 3874 2068 3940 &OC
2086 3877 2429 3956 conspiran
2441 3876 2609 3939 tibus
2625 3895 2772 3937 cum
2789 3874 2908 3938 hac
2926 3873 3249 3957 scriptura
3266 3895 3381 3937 nu·

1888 3978 2011 4041 mis
2045 3977 2361 4052 Graecis,
2391 3999 2571 4043 cum
2616 3991 2836 4041 tamen
2883 3976 3076 4038 aliam
3113 3990 3381 4039 teneant

1886 4078 2126 4153 Latini,
2168 4094 2241 4142 ut
2265 4080 2657 4146 videbimus.
2701 4080 2779 4141 11.
2800 4075 3108 4139 Additum
3129 4094 3372 4139 nomen

1885 4182 2254 4246 Romanum
2304 4187 2642 4262 Septimii,
2703 4201 2784 4243 ex
2829 4200 2960 4264 quo
3009 4178 3270 4254 mirum!
3288 4176 3387 4238 vi.
3455 4261 3458 4268 y

1889 4282 2038 4350 deri
2076 4303 2210 4347 non
2232 4282 2493 4362 debet,
2537 4303 2813 4348 uxorem
2869 4299 3130 4366 quoque
3165 4281 3386 4342 Zeno·

1471 4599 1540 4671 b)
1582 4596 1727 4656 Bell.
1763 4597 1931 4659 Pers.
1966 4596 2028 4654 L.
2062 4596 2146 4656 11.
2181 4616 2233 4655 c.
2269 4606 2324 4661 6.

2664 4646 2976 4774 'Qq'q
