4652 5937
1196 309 1346 420 '416

2095 319 2693 405 CLAVDLVS
2764 313 3225 394 GOTHIC
3258 316 3478 390 VS.

1207 519 1286 584 V.
1340 514 1410 575 C.
1468 527 1617 572 toan
1649 551 1666 580 ,
1731 503 2068 569 exinde·B
2113 521 2320 585 nsque
2378 501 2462 590 ad
2521 501 2697 566 idem
2811 499 3024 566 visum
3061 513 3164 563 est
3191 500 3587 566 'Pr-istane
3625 496 3735 581 ιι),
3790 513 3879 564 ut
3915 504 4257 586 generatim
4279 526 4388 566 mar·

1206 630 1466 698 tempus
1531 609 1680 673 anni
1753 625 1948 683 tona,
2020 620 2150 692 qu'o
2214 605 2440 687 coepit
2495 622 2701 666 annus

1206 711 1304 791 Γ,
1352 729 1545 797 atque
1589 710 1719 773 hoc
1764 709 2024 772 labente
2062 718 2358 767 mortuus
2393 719 2493 768 est
2528 723 2700 767 anno

1207 817 1457 879 Iuliano
1513 812 1695 874 1023.
1771 809 2072 871 Norisius
2115 828 2264 869 cum
2307 794 2568 871 videret
2610 805 2707 866 le-

1208 937 1355 1004 gem
1392 938 1428 977 a
1463 913 1736 976 Claudio
1773 910 2204 994 subscriptam
2233 929 2315 970 ex
2346 921 2495 970 ante
2528 906 2702 969 diem

1203 1014 1384 1085 Vm.
1443 1015 1596 1079 Kal.
1659 1011 2071 1075 Novembres
2131 1010 2450 1094 postremi
2512 1007 2703 1090 hujus

1107 1100 1163 1150 3
1207 1121 1395 1193 anni,
1460 1118 1673 1202 arguit
1727 1128 1955 1177 contra
1998 1114 2339 1174 Petarium
2385 1111 2701 1194 aliosque,

1209 1221 1555 1288 Claudium
1631 1229 1913 1280 exeunte
1990 1215 2269 1278 Octobri
2341 1212 2481 1293 ejus
2553 1211 2703 1273 anni

1205 1325 1417 1389 adhuc
1484 1322 1722 1384 vixisse
1758 1321 1836 1399 ει).
1925 1318 2173 1384 Verum
2239 1327 2702 1399 praeterquam

1206 1424 1383 1509 qnod
1429 1423 1666 1506 exigua
1710 1422 1939 1484 harum
2005 1417 2554 1500 subscriptionum
2601 1430 2704 1479 est

1204 1528 1402 1603 fides,
1449 1527 1687 1586 mirum
1737 1520 2106 1591 videretur,
2151 1519 2217 1580 in
2262 1532 2439 1580 tanta
2475 1537 2703 1581 numo·

1203 1650 1350 1690 rum
1391 1624 1983 1689 Alexandrinorum
2028 1620 2216 1701 copia
2258 1639 2406 1680 cum
2444 1617 2700 1680 Claudii

1204 1729 1416 1810 capite
1461 1742 1923 1808 percussorum
1993 1719 2245 1781 nullum
2294 1733 2549 1783 certum
2595 1738 2701 1781 re-

1205 1829 1411 1915 periri
1455 1848 1602 1890 cum
1649 1844 1817 1885 anno
1866 1820 1953 1897 Δ,
2009 1821 2194 1903 cujus
2240 1819 2488 1882 solidos
2534 1818 2698 1881 duos

1208 1949 1502 2004 menses,
1564 1945 1804 2008 nempe
1869 1947 1903 1988 a
1962 1921 2094 1985 fine
2155 1922 2434 2006 Augusti
2492 1940 2698 2004 usque

1171 2032 1285 2094 ad
1346 2031 1543 2095 {inem
1606 2027 1920 2090 Octobris
1998 2025 2274 2089 vivendo
2345 2022 2696 2105 exegisset.

1202 2135 1439 2197 Refert
1500 2129 1762 2216 quidem
1819 2148 2089 2190 numum
2149 2145 2298 2188 cum
2357 2125 2482 2187 hoc
2527 2145 2696 2187 anno

1206 2234 1576 2298 Bandurius
1610 2229 1709 2312 l³),
1772 2244 1906 2292 tum
1972 2242 2039 2289 et
2068 2222 2449 2308 'Arigonius
2481 2226 2572 2305 c),
2633 2238 2698 2288 at

1205 2348 1496 2410 constat,
1568 2353 1762 2415 saepe
1828 2328 1972 2390 salli
2037 2326 2265 2388 oculos
2324 2327 2394 2387 in
2450 2325 2695 2409 judicio

1206 2441 1686 2503 elementorum
1745 2435 1800 2494 A
1847 2445 1912 2493 et
1959 2427 2037 2492 Δ.
2128 2426 2309 2489 Istud
2371 2442 2552 2490 certe
2617 2428 2698 2489 de

1203 2560 1405 2602 numo
1468 2558 1585 2600 suo
1646 2556 1777 2598 non
1845 2529 2164 2594 diffitetur
2208 2528 2579 2593 Bandurius
2611 2523 2697 2608 d).

1207 2643 1416 2737 Quam
1465 2661 1626 2702 vero
1671 2639 1919 2723 incerta
1982 2633 2066 2694 sit
2107 2630 2272 2695 fides
2314 2645 2699 2714 ectyporum

1202 2743 1537 2824 Arigonii‚
1578 2758 1806 2801 omnes
1852 2721 2171 2797 novimus.
2222 2733 2432 2827 Quam
2476 2733 2700 2794 absur-

1205 2844 1286 2904 da
1334 2842 1677 2901 dictaverit
1711 2836 2174 2909 Mazzolenus,
2220 2835 2400 2916 quod
2438 2835 2697 2917 utrique

1204 2960 1405 3005 numo
1451 2937 1646 3001 fidem
1696 2937 1958 3007 habuit,
2020 2936 2087 2996 in
2134 2935 2490 2998 Aureliano
2553 2954 2702 3017 per·

1204 3061 1579 3125 sequemur.
1618 3037 1882 3099 Pridem
1916 3037 2077 3099 haec
2105 3036 2517 3119 scripseram,
2547 3043 2696 3097 cum

1203 3143 1415 3205 serius
1478 3138 1606 3204 iridi
1653 3161 1688 3202 a
1732 3140 1817 3201 cl.
1906 3141 2128 3221 Zoega
2171 3135 2452 3221 produci
2498 3157 2695 3204 uuum

1202 3266 1348 3310 cum
1393 3244 1474 3306 L.
1514 3239 1626 3317 Δ.,
1674 3240 1953 3303 alterum
1999 3260 2147 3304 cum
2191 3240 2266 3300 L.
2308 3234 2420 3315 6.,
2466 3259 2695 3301 verum

1203 3367 1348 3410 cum
1411 3357 1714 3406 neutrum
1777 3343 1833 3406 is
1897 3344 2036 3427 ipse
2099 3342 2373 3417 viderit,
2438 3341 2554 3402 sed
2612 3360 2694 3401 ex

1204 3448 1483 3510 aliorum
1544 3443 1676 3508 fide
1735 3446 2004 3521 recitet,
2074 3464 2421 3528 possumus
2486 3463 2694 3527 aeque

1200 3550 1499 3627 jactatam
1559 3548 1911 3611 lectionem
1970 3547 2037 3606 in
2098 3545 2370 3607 dubium
2430 3565 2696 3610 vocare.

1620 3720 1903 3779 Nomina
1946 3734 2024 3775 ac
2069 3716 2264 3776 tituli.

1327 3859 1612 3918 Flavius.
1659 3850 1840 3913 Istud
1877 3871 2114 3912 nomen
2154 3850 2429 3913 Claudio
2464 3849 2694 3914 tribuit

1202 3914 1579 4025 Trebellius
1613 3959 1708 4029 θ),
1747 3953 2153 4035 etVopiscus
2196 3949 2269 4030 ί).
2307 3951 2495 4012 Adde
2527 3973 2695 4013 mar·

1196 4080 1380 4134 mor,
1441 4057 1623 4142 quod,
1660 4059 1986 4118 Gruterus
2049 4074 2131 4113 ex
2177 4052 2493 4113 Panvinio
2540 4052 2695 4115 hau-

1199 4163 1279 4224 sit
1311 4162 1410 4241 8),
1460 4160 1571 4221 sed
1618 4156 1793 4241 quod
1840 4154 1965 4236 jam
2014 4155 2270 4237 pridem
2316 4176 2691 4239 suspectum

2815 602 3109 665 moribus
3145 603 3666 665 Panvinianis
3718 623 4107 688 perparum
4147 603 4275 665 fidei
4303 605 4380 666 in·

2815 704 3159 787 pertimur.
3237 705 3377 765 Ex
3459 703 3595 766 his
3675 704 4149 778 testimoniis,
4208 704 4381 788 qualia·

2820 825 3099 891 cumque
3135 825 3214 868 ea
3244 805 3406 867 sint
3429 849 3455 882 ‚
3488 807 3959 890 'conjiciunt
3988 806 4295 889 plerique,
4326 807 4377 867 ab

2819 906 2947 970 hoc
3012 907 3568 984 Constantium,
3649 910 3789 991 qui
3862 907 4134 970 Claudii
4187 911 4376 990 generis

2803 1004 3042 1093 ‘proles
3099 1010 3354 1072 dicitur
3416 1010 3893 1087 Trebellio,
3956 1009 4175 1071 Flavii
4218 1010 4372 1090 appel-

2818 1110 3132 1173 lationem
3188 1112 3571 1188 traxisse,
3654 1111 3756 1174 de
3828 1130 3978 1195 qno
4037 1109 4186 1172 vide
4221 1109 4368 1191 dispa-

2817 1225 3064 1275 tantem
3113 1212 3563 1276 Salmasium
3621 1209 3709 1293 i).
3777 1209 4019 1304 ‘Quod
4061 1231 4215 1273 vero
4248 1210 4363 1270 iden

2819 1332 2901 1375 ex
2959 1314 3278 1376 Panvinio
3341 1328 3807 1392 memoret,
3881 1334 4046 1376 eum
4101 1312 4164 1371 in
4213 1311 4359 1370 numi·

2816 1415 3058 1498 passim
3103 1414 3235 1477 dici
3273 1412 3377 1477 FI.
3446 1420 3897 1492 Claudium,
3948 1413 4131 1476 istud
4170 1410 4357 1483 falsam,

2816 1518 3003 1579 nullo
3064 1516 3226 1578 mihi
3283 1518 3611 1602 cognito
3694 1517 3867 1602 ejus
3934 1535 4139 1578 numo
4187 1512 4350 1574 sicia·

2815 1618 3086 1702 scripto.

2947 1726 3263 1786 Valeria-5.
3308 1720 3566 1783 Etiam
3616 1720 3736 1783 sic
3776 1719 4019 1782 obiter
4044 1715 4340 1778 nominatur

2813 1844 2850 1884 a
2890 1822 3271 1899 Trebellio,
3318 1837 3387 1886 et
3425 1824 3611 1886 solo
3649 1821 3758 1904 k).
3811 1824 3913 1882 Et
3947 1830 4225 1889 constat,
4254 1815 4337 1879 Va·

2814 1924 2963 1986 lerii
3025 1944 3285 2008 quoque
3341 1946 3635 1990 nomen
3689 1925 3931 1987 fuisse
3975 1920 4180 1983 eidem
4211 1917 4328 1978 'Con-

2814 2025 3087 2101 stantio,
3137 2025 3217 2088 de
3253 2048 3385 2111 quo
3420 2027 3609 2092 vide
3643 2028 3873 2111 plura
3907 2022 4087 2107 apud
4116 2016 4324 2082 eunden

2813 2127 3201 2190 Salmasium
3244 2124 3316 2209 l).

2946 2233 3383 2292 Germanicus.
3432 2230 3493 2290 A
3527 2229 3852 2290 Claudio
3889 2229 4101 2289 victos
4123 2220 4316 2282 Germ·

2815 2350 2935 2392 nos
2995 2350 3190 2413 supra
3261 2350 3342 2393 ex
3406 2331 3658 2393 numia
3737 2325 4106 2396 VICTOR.
4163 2312 4305 2379 GER-

2772 2424 2780 2429 ’
2815 2433 3022 2494 MAN.
3046 2474 3063 2504 ,
3112 2446 3180 2491 et
3215 2430 3481 2508 laudato
3530 2433 3700 2514 ejus
3754 2428 4122 2493 occasione
4150 2418 4308 2481 Victo·

2815 2551 2890 2592 re
2964 2531 3265 2594 vidimus,
3354 2537 3635 2593 Tamen
3732 2529 4021 2590 dubium
4086 2519 4294 2586 videtur,

2814 2647 3033 2694 utrum
3080 2621 3457 2694 Germanici
3505 2634 3810 2696 titulum
3872 2648 3960 2692 ex
4004 2627 4120 2685 hac
4156 2618 4297 2679 victo

2813 2733 2910 2794 ria
2954 2732 3317 2795 abstulerit.
3363 2737 3539 2796 Eum
3598 2730 4046 2807 dissimulant
4082 2736 4285 2784 marmo-

2813 2854 2884 2894 ra
2949 2834 3203 2896 Claudii
3279 2828 3517 2897 omnia.
3621 2839 3937 2898 Numam
4012 2845 4147 2889 cum
4202 2818 4287 2878 hoc

2814 2935 3037 3019 elogio
3083 2935 3321 2999 obtulit
3359 2928 3729 2999 'I'ristanus
3771 2929 4002 2995 addito
4038 2920 4276 2987 nimirum

2812 3037 2880 3098 in
2942 3038 3153 3101 amica
3214 3039 3416 3101 GER.
3481 3019 4116 3106 G0r111cv'sm)‚·
4154 3015 4274 3082 istud

2811 3152 3031 3202 tamen
3087 3139 3360 3215 mirum,
3416 3162 3676 3204 nornen
3730 3140 3939 3203 GER.
3999 3123 4186 3194 omitti
4224 3118 4271 3177 in

2812 3239 3034 3305 addito
3091 3225 3446 3314 iconismo,
3490 3259 3562 3305 et
3626 3256 3897 3305 tantum
3952 3236 4268 3310 comp-ame

2812 3344 2877 3405 in
2915 3344 3096 3404 numi
3145 3343 3617 3428 descriptione.
3687 3321 3881 3425 Ergo
3931 3348 4036 3399 aut
4074 3318 4263 3390 erravit

2810 3445 3367 3528 chalcographus,
3423 3460 3533 3509 aut
3580 3460 3848 3510 auctor.
3892 3435 4121 3527 ‘Etiam
4159 3425 4260 3484 He·

2809 3547 3161 3610 diobarbus
3223 3548 3477 3632 aliquos
3540 3570 3695 3612 cum
3767 3546 3898 3606 hoc
3947 3522 4251 3600 Germani&

2807 3650 3063 3713 honore
3125 3664 3633 3727 commemorat,
3704 3644 3830 3710 sed
3877 3639 4054 3720 cujus
4084 3628 4250 3714 ples*

2806 3773 2934 3836 que
2980 3765 3279 3837 suspecta
3320 3745 3630 3836 putanda.

2939 3859 3263 3918 Gothicus.
3322 3856 3534 3928 Huius
3580 3849 3874 3917 nominis
3916 3857 4089 3906 causa
4127 3844 4242 3932 Οθὸζ
4392 3922 4395 3931 1

2806 3954 2976 4030 nlla,
3023 3954 3320 4037 illudque
3363 3956 3705 4017 adstruunt
3752 3950 3893 4034 ejus
3935 3935 4238 4029 consecti}u

2806 4057 3010 4120 numi.
3058 4055 3420 4139 Singularis
3458 4070 3558 4121 est
3591 4049 3933 4136 inscriptio
3962 4053 4136 4121 super
4160 4044 4236 4087 Π·

2808 4179 2891 4222 cu
2921 4157 3324 4241 triumphali,
3359 4181 3553 4243 quam
3580 4160 3791 4223 refert
3821 4139 4134 4216 Reinesiu·
4154 4128 4230 4205 1“)ἷ

1164 4277 1174 4288 .
1267 4316 1330 4384 a)
1374 4312 1448 4369 dc
1485 4313 1622 4372 Vot.
1665 4311 1910 4369 decenn.
1953 4332 2000 4368 c.
2040 4314 2095 4375 6.

1197 4401 1266 4469 d)
1312 4403 1370 4458 in
1406 4404 1655 4459 Praesat.

1196 4492 1340 4552 hist.
1373 4490 1440 4546 Τ.
1479 4491 1580 4577 Ill.
1620 4512 1684 4565 p.
1720 4502 1841 4563 193.

1189 4606 1247 4665 p.
1296 4591 1414 4657 ¹93.

1856 4406 1915 4474 e)
1956 4403 2104 4479 Cap.
2145 4417 2198 4468 7.

1616 4583 1686 4651 n)
1728 4581 1908 4637 Inscr.
1951 4591 2068 4639 ant.
2106 4582 2171 4640 T.
2211 4582 2251 4639 1.
2292 4605 2352 4660 p.
2391 4595 2517 4648 318.

2387 4312 2453 4385 b)
2492 4314 2658 4372 Tom.
2696 4314 2742 4371 1.
2789 4335 2844 4392 p.
2885 4326 3009 4379 353.

2307 4468 2315 4481 ἱ
2392 4405 2444 4476 O
2485 4405 2545 4461 in
2585 4404 2907 4464 Aureliano
2947 4427 2996 4465 c.
3037 4421 3123 4473 17.

2044 4493 2095 4562 i>
2136 4495 2195 4549 in
2234 4494 2496 4552 Trebell.
2528 4506 2653 4559 330.
2688 4529 2699 4547 ι

3295 4318 3355 4389 (3)
3394 4316 3456 4371 in
3495 4311 3871 4372 Alexandria.
3911 4302 4015 4362 tab.
4049 4274 4220 4349 XXIX·

3300 4410 3360 4484 g)
3400 4397 3536 4483 Pa&-
3576 4417 3701 4471 275.
3739 4419 3791 4481 9.
3946 4393 4008 4463 h)
4044 4385 4223 4442 Comm.

2862 4499 2928 4567 Ιε)
2971 4497 3116 4576 Cap.
3152 4506 3237 4559 ns.
3437 4496 3487 4572 1)
3528 4496 3568 4555 1.
3611 4517 3659 4554 c.
3856 4490 3934 4561 m)
3973 4457 4209 4540 (σοφαί
