4652 5937
1374 463 1471 543 ⁴16
2212 536 2221 541 ,
2320 444 2938 532 FAVSTINA
3037 452 3497 531 IVNIOR.

1506 647 1749 708 Nmnos
1764 645 2022 706 Aurelii
2046 662 2276 709 aureos
2282 646 2564 723 primum
2598 645 2928 704 abundare
2942 685 2958 717 ,
3002 658 3220 703 comm
3247 624 3480 703 deiude
3510 658 3838 706 numerum
3873 645 4127 705 sensim
4145 646 4334 705 minzi
4344 688 4358 716 ‚
4392 658 4441 707 st

1371 748 1674 825 exerentis
1693 750 1833 823 qius
1851 746 2041 807 annis
2060 747 2206 824 fere
2234 748 2494 826 deficere
2531 746 2910 821 eaeperimur.
2981 746 3141 804 Vide
3160 786 3176 817 ‚
3221 763 3387 824 quae
3407 746 3486 804 de
3515 746 3639 805 hac
3661 749 3978 822 pet-istan·
4010 748 4441 809 observabi-ue

1376 851 1446 908 in
1477 849 1689 909 numis
1718 849 2068 910 Faustinae
2090 849 2412 923 junioris,
2456 855 2521 906 et
2551 848 2668 907 sub
2686 848 2884 926 finem
2913 864 3244 907 'tumorum
3258 846 3603 906 Commodi-¹

1969 945 2305 1030 Argentei'
2329 987 3843 1010 ...............
3930 948 4016 1010 C.

1973 1046 2186 1110 Aenei
2220 1066 2389 1108 max.
2423 1044 2582 1108 mod
2587 1086 3842 1110 .............
3927 1049 4083 1110 RB.

1969 1148 2181 1211 Aenei
2225 1149 2276 1212 1.
2323 1161 2392 1212 et
2435 1150 2515 1210 11.
2559 1148 2812 1212 formae
2864 1188 3846 1212 ..........
3937 1151 4021 1213 C.

1968 1251 2181 1314 Aenei
2225 1252 2340 1313 111.
2383 1249 2638 1315 formae
2751 1290 3848 1314 ...........
3937 1250 4033 1315 Ο.

1766 1356 2112 1416 Commatis
2148 1357 2506 1434 pereqrini:
3161 1416 3165 1421 .

1964 1453 2283 1536 Argentei
2322 1452 2585 1513 urbium
2624 1451 3025 1515 Graecarum
3074 1489 3839 1514 ........
3928 1453 4081 1516 RR.

1963 1554 2175 1616 Aenei
2210 1554 2428 1615 variae
2457 1553 2717 1616 formae
2754 1589 3835 1616 ...........
3926 1556 3999 1616 C.

1966 1652 2391 1717 Coloniarum
2417 1691 3081 1717 .......
3162 1640 3170 1655 “
3170 1692 3727 1718 ......
3723 1662 3740 1667 ’
3815 1698 3831 1713 .
3920 1658 3996 1718 C.

1964 1753 2392 1817 Alexandrini
2427 1794 2873 1818 .....

2392 2062 2973 2128 FAVSTINA
3058 2065 3502 2137 1171871011.Ἠ

1490 2266 1701 2329 Annia
1752 2264 2058 2328 Faustina
2106 2277 2254 2324 nata
2302 2276 2489 2345 patre
2531 2262 2860 2324 Antonino

1364 2369 1486 2431 Pio
1520 2370 1687 2453 Aug.
1711 2412 1729 2444 ‚
1787 2380 1994 2428 matre
2030 2365 2293 2427 Galeria
2333 2363 2639 2425 Faustina
2690 2366 2859 2446 Aug.

1349 2487 1531 2533 ‘anno
1582 2470 1856 2532 incerto.
1938 2467 2224 2534 Volente
2280 2464 2609 2527 Hadriano
2664 2464 2860 2528 desti-

1362 2585 1507 2633 nata
1555 2570 1680 2632 fuit
1741 2572 1816 2630 L.
1853 2571 2069 2643 Vero,
2132 2566 2249 2629 sed
2302 2585 2444 2627 eam
2490 2567 2855 2629 Antoninus

1360 2686 1509 2755 post
1543 2670 1859 2734 Hadriani
1894 2683 2170 2732 mortem
2204 2681 2480 2751 propter
2497 2668 2662 2735 Veri
2687 2684 2858 2729 aeta-

1360 2787 1496 2835 tem
1549 2773 1956 2833 immaturam
1991 2773 2080 2830 M.
2106 2769 2380 2831 Aur-elio
2420 2780 2695 2831 uxorem
2747 2768 2861 2830 de-

1365 2873 1461 2949 dit
1492 2873 1791 2956 perfecto
1834 2871 2080 2953 aliquot
2124 2869 2276 2930 inde
2314 2870 2496 2931 annis
2530 2870 2858 2932 matrimo-

1359 2977 1493 3036 nio.
1557 2975 1889 3058 Augustae
1917 2971 2106 3032 titulo
2140 2970 2343 3032 fuisse
2361 2970 2755 3046 decoratam,
2791 2987 2857 3033 ct

1363 3075 1628 3161 quidem
1666 3073 1900 3135 marito
1949 3071 2160 3134 adhuc
2192 3073 2514 3146 Caesare,
2559 3073 2727 3135 infra
2767 3095 2849 3136 cx

1362 3176 1578 3239 nuruis
1618 3173 2207 3258 comprobabimus.
2291 3174 2598 3235 Maritum
2650 3174 2712 3235 in
2740 3176 2854 3254 Sy-

1365 3280 1532 3340 riam
1580 3289 1949 3340 consectata
2003 3275 2070 3335 in
2114 3274 2350 3336 itinere
2414 3276 2586 3360 apud
2619 3278 2855 3338 Halale

1357 3381 1578 3444 vicum
1631 3381 1849 3440 Tauro
1894 3376 2169 3438 adsitum
2236 3377 2469 3439 morbo
2527 3377 2851 3440 exstincta

1359 3495 1459 3543 est
1492 3481 1577 3546 V.
1618 3480 1687 3542 C.
1720 3478 1864 3562 928.
1928 3478 2196 3538 Femina
2231 3463 2394 3553 fuit,
2459 3479 2515 3539 si
2565 3500 2688 3562 qua
2739 3499 2855 3564 unf

1357 3603 1586 3666 quam,
1663 3580 1930 3642 ultimae
1988 3577 2333 3653 infamiae,
2395 3598 2470 3640 ac
2537 3576 2849 3652 libidinis„

1355 3682 1906 3767 indigna-patre,
1963 3691 2034 3738 et
2087 3679 2370 3753 marito,
2422 3697 2586 3761 quos
2639 3678 2851 3739 omnis

1359 3796 1537 3844 aetas
1590 3781 1795 3864 ipsam
1826 3779 2155 3845 Virtutem
2211 3778 2395 3841 dixit.
2452 3781 2650 3845 Vsam
2703 3800 2853 3861 pro·

1358 3867 1608 3946 miscus
1657 3877 2161 3965 gladiatoribus,
2226 3880 2472 3954 nautis,
2529 3894 2603 3941 et
2647 3880 2700 3940 si
2740 3880 2853 3963 qui

1362 3997 1513 4045 sunt
1552 3983 1654 4044 his
1676 3981 1985 4054 viliores,
2032 3979 2303 4041 historia
2339 3978 2581 4063 prodit,
2623 3995 2692 4044 et
2730 3982 2855 4043 suit

1358 4106 1436 4146 ca
1468 4096 1678 4147 aetate
1733 4103 1961 4144 rumor
2016 4095 2357 4155 constans,
2403 4080 2614 4165 ipsum
2663 4084 2854 4145 Com-

1361 4185 1628 4246 modum
1676 4204 1759 4245 ex
1803 4184 2164 4268 gladiatore
2209 4196 2622 4265 conceptum.
2699 4184 2856 4258 Cre:-

1360 4285 1638 4347 debatur
1672 4285 1866 4345 etiam
1921 4287 1996 4347 L.
2020 4288 2200 4350 Vero
2253 4306 2448 4346 causa
2482 4285 2712 4346 mortis
2752 4306 2856 4346 su-

1358 4387 1536 4449 bitae
1599 4385 1963 4460 exstitisse,
2046 4400 2112 4446 et
2190 4385 2518 4469 particeps
2593 4381 2853 4470 quoque

1468 4621 1531 4689 a)
1566 4619 1705 4693 Pag.
1738 4626 1864 4678 252.
1896 4625 1947 4676 8.

1358 4710 1570 4767 Baton.
1623 4704 1702 4764 ad
1738 4725 1872 4763 ann.
1905 4705 2043 4763 Chr.
2081 4715 2201 4769 180.

2115 4614 2185 4686 b)
2221 4617 2359 4696 Pag.
2397 4628 2524 4681 242.
2557 4629 2609 4682 3.
2658 4631 2714 4677 et
2740 4631 2864 4692 590·
2902 4628 2957 4680 4.

2979 2260 3407 2323 consiliorum
3446 2261 3664 2325 Avidii
3683 2263 3891 2329 Cassii
3926 2262 4253 2328 adversus
4291 2260 4453 2324 mari·

2975 2374 3114 2422 tum
3167 2363 3619 2446 conspirantis.
3696 2365 3978 2448 Vulgata
4031 2368 4208 2443 haec
4258 2362 4458 2427 uxoris

2977 2462 3305 2525 dedecora
3362 2477 3490 2543 tam
3547 2486 3775 2547 parum
3818 2486 4089 2529 movere
4154 2466 4456 2532 maritum,

2973 2578 3046 2625 ut
3076 2565 3269 2626 etiam
3305 2562 3425 2637 iis,
3474 2566 3585 2648 qui
3622 2580 3924 2628 auctores
3971 2566 4209 2642 fuere,
4255 2581 4324 2629 ut
4358 2564 4461 2626 sal-

2977 2676 3110 2727 tem
3146 2665 3560 2748 repudiaret,
3607 2667 3663 2727 si
3699 2669 4006 2733 occidere
4055 2689 4206 2731 eam
4246 2667 4453 2737 nollet,

2974 2765 3442 2849 responderet:
3478 2771 3541 2830 si
3570 2791 3837 2832 umorem
3873 2775 4299 2843 dimittimus,
4342 2769 4461 2829 red-

2973 2872 3201 2930 damus
3219 2873 3525 2944 efflatam,
3573 2870 3922 2955 imperium
3950 2873 4233 2935 scilicet.
4287 2865 4455 2930 Ferri

2974 2968 3457 3052 quodammodo
3502 2985 3764 3056 poterat
3815 2993 3893 3068 ea
3937 2972 4348 3061 indulgentia
4377 2981 4458 3029 ut·

2972 3091 3230 3153 cunque
3278 3084 3466 3133 atrox
3531 3087 3600 3135 et
3659 3074 4059 3152 inconsulta,
4143 3073 4274 3135 nisi
4332 3088 4456 3129 eam

2971 3183 3290 3234 mortuam
3339 3171 3629 3236 flevisset
3679 3176 3911 3251 etiam,
3969 3189 4037 3238 et
4080 3177 4268 3238 omni
4315 3168 4455 3231 infa-

2970 3273 3098 3333 mia
3163 3273 3664 3335 contaminatam
3716 3277 4001 3337 concilio
4049 3276 4329 3338 deornm
4370 3267 4453 3330 in-

2970 3373 3227 3434 tulisset
3253 3418 3270 3448 ,
3316 3386 3389 3435 ut
3423 3374 3648 3457 paullo
3678 3389 3825 3459 post
3863 3376 4259 3440 videbimus.
4303 3368 4453 3443 Vide

2971 3475 3410 3561 Capitolinum
3435 3519 3451 3549 ,
3498 3475 3778 3539 Dionem
3802 3521 3819 3553 ‚
3864 3479 4237 3546 Victorem.

3096 3575 3326 3638 Liberi
3365 3595 3447 3636 ex
3480 3579 3569 3638 M.
3609 3578 3905 3640 Aurelio.

3097 3679 3372 3739 Praeter
3397 3681 3653 3739 Vibium
3673 3683 4008 3743 Aureliam
4024 3675 4361 3752 Sabinam,
4395 3685 4452 3735 et

2967 3781 3326 3852 Fadillam,
3373 3799 3530 3860 quas
3566 3777 3932 3844 memorant
3951 3804 4276 3844 marmora
4298 3780 4449 3841 Gru·

2955 3881 3095 3942 teri
3140 3879 3196 3957 ⁸)
3241 3893 3309 3940 et
3366 3881 3715 3942 Muratorii
3759 3879 3865 3962 l²),
3922 3883 4079 3944 item
4120 3883 4450 3945 Domitiam

2966 3983 3344 4042 Faustinam
3364 4024 3381 4054 ,
3421 3980 3715 4064 aliosque
3733 3983 3941 4069 ignoti
3961 3984 4266 4060 nominis,
4299 3995 4445 4065 quos

2969 4101 3050 4143 ex
3083 4080 3458 4143 auctoribus
3485 4081 3821 4150 vetesibus
3844 4101 4243 4166 congessere
4264 4080 4448 4146 Tille-

2967 4181 3254 4246 montius
3271 4182 3350 4261 c),
3387 4184 3710 4268 etPagiqs
3729 4187 3817 4264 d),
3852 4187 4260 4249 memorandi
4278 4191 4442 4246 sunt:

3098 4287 3379 4357 Lucilla,
3443 4298 3644 4366 nupta
3694 4288 3769 4348 L.
3804 4288 4018 4367 Ver0,
4067 4287 4150 4350 de
4196 4309 4322 4374 qua
4363 4282 4446 4345 in·

2968 4384 3070 4450 fra
3094 4387 3167 4448 in
3203 4389 3417 4451 numis
3449 4389 3756 4474 propriis.

3139 4623 3199 4695 c)
3241 4620 3303 4679 in
3331 4620 3575 4680 Aurelio
3625 4644 3758 4701 pag.
3792 4644 3866 4708 m.
3908 4617 4032 4699 694
4199 4624 4269 4702 d)
4311 4618 4438 4710 Crit-
