4652 5937
1006 437 1089 515 P.
1189 435 1736 510 HELVIVS
1837 435 2493 512 PERTINAX.

193 623 525 688 mationes
576 620 914 684 salutatur.
1004 623 1161 682 Mox
1209 620 1309 682 rei
1359 620 1689 702 gerendae

191 728 489 788 intentus
540 734 833 784 veterem
882 723 1100 804 coepit
1142 743 1457 784 revocare
1502 721 1692 782 disci·

193 826 442 911 plinam
473 867 490 898 ,
558 822 897 908 corrigere
936 843 1154 884 mores
1185 822 1396 896 urbis,
1445 821 1690 902 ejicere

199 926 579 997 delatores,
640 923 892 984 aerario
947 925 1262 986 exhausto
1318 924 1686 996 consulere,

202 1042 394 1112 atque
438 1025 588 1106 ipse
628 1024 879 1106 primus
927 1046 1073 1087 esse
1115 1024 1508 1108 frugalitatis
1557 1044 1705 1085 auo-

202 1144 339 1204 tor,
397 1139 468 1188 et
526 1129 923 1209 exemplum.
1004 1132 1088 1190 At
1122 1147 1279 1190 vero
1332 1126 1458 1188 boc
1490 1126 1700 1207 ipsum

206 1242 380 1304 erat,
430 1225 615 1311 quod
645 1229 1135 1309 praetorianos,
1185 1248 1349 1313 quos
1384 1227 1705 1309 intempe-

205 1331 451 1393 rantiae
493 1327 1004 1391 commodianae
1037 1329 1436 1391 desiderium
1471 1328 1704 1402 tenuit,

209 1430 522 1504 offendit,
569 1449 849 1512 quorum
882 1453 1029 1513 pars
1056 1445 1329 1515 repente
1372 1433 1547 1498 facto
1594 1456 1706 1518 ag·

209 1533 379 1594 mine
423 1531 495 1591 in
539 1529 851 1613 palatium
914 1531 1144 1607 irruit,
1201 1535 1701 1619 principemque

211 1634 301 1695 nil
326 1632 457 1695 tale
490 1631 874 1713 opinantem
912 1632 1292 1696 vulneribus
1309 1636 1389 1696 ad
1419 1652 1700 1699 mortem

216 1732 472 1798 conficit
515 1734 600 1799 V.
632 1731 915 1792 Kalend.
963 1733 1174 1815 April.
1200 1739 1278 1805 V.
1320 1740 1390 1799 C.
1424 1737 1569 1818 946.
1616 1740 1703 1798 At

215 1834 492 1918 populus
525 1845 879 1916 patresque
930 1853 1188 1897 caesum
1246 1850 1461 1900 tantae
1503 1839 1706 1904 virtu-

217 1936 296 1997 tis
340 1936 596 2008 virum,
666 1939 859 2022 eique
919 1939 1202 2021 tempori
1259 1943 1705 2002 necessarium

220 2041 670 2125 indignissime
708 2039 887 2113 tulit,
949 2040 1287 2122 patuitque
1336 2023 1453 2103 'hic
1491 2041 1709 2103 adsec-

226 2155 321 2202 tus
351 2142 576 2224 paullo
613 2154 781 2224 post,
817 2159 964 2202 cum
997 2139 1422 2202 referendum
1458 2142 1521 2202 in
1555 2139 1711 2200 deo·

225 2262 365 2302 rum
399 2260 751 2303 numerum
784 2259 1127 2316 censuere,
1172 2261 1247 2302 ac
1282 2242 1512 2318 serius,
1557 2262 1708 2304 eum

232 2340 506 2402 Severus
552 2340 696 2422 ejus
727 2340 1042 2402 virtutum
1087 2342 1545 2416 recordatione
1563 2347 1711 2404 Per·

233 2446 492 2503 tinacem
540 2460 617 2502 se
668 2426 806 2502 dici'
847 2463 1076 2523 passus
1110 2456 1245 2518 est,
1309 2443 1546 2506 habitis
1595 2466 1713 2526 pu-

232 2539 395 2602 blice
449 2540 596 2623 ejus
646 2543 1002 2604 memoriae
1070 2541 1453 2607 honoribus.
1538 2544 1710 2614 Vide

235 2641 545 2717 Dionem,
594 2642 1076 2720 Herodianum,
1126 2645 1587 2728 Capitolinum.

351 2744 535 2809 onr
608 2745 905 2819 Titiana,
990 2744 1071 2806 de
1122 2766 1277 2830 qua,
1352 2758 1420 2807 et
1484 2743 1716 2806 liberis

241 2841 414 2903 infra.

577 2984 654 3043 V.
702 2985 764 3043 C.
807 2989 955 3045 946.
1001 2984 1073 3041 Ρ.
1117 2986 1199 3046 Χ.
1251 2992 1390 3048 193.

285 3084 512 3144 CAES.
565 3086 776 3145 AVG.
824 3086 945 3143 Ta.
990 3085 1060 3142 Ρ.
1111 3085 1284 3144 COS.
1333 3084 1419 3144 11.
1471 3087 1542 3144 Ρ.
1589 3087 1678 3147 Μ.

250 3185 316 3258 Q.
345 3186 530 3247 Sosio
555 3187 855 3260 Falcone,
895 3186 956 3245 C.
975 3172 1097 3245 Iul.
1118 3186 1351 3246 Erucio
1373 3187 1555 3249 Claro
1585 3206 1711 3247 cos.

249 3383 318 3443 A.
506 3385 686 3447 IMP.
709 3384 947 3447 CAES.
980 3387 1054 3447 P.
1084 3384 1347 3450 HELV.
1372 3387 1721 3448 PERTIN.

513 3483 724 3553 AVG.
790 3490 988 3564 Capul
1051 3489 1409 3549 laureatum
1460 3489 1531 3549 in
1573 3497 1638 3550 A
1647 3491 1720 3549 V.

512 3592 653 3674 Alte
686 3591 757 3648 in
789 3591 930 3648 ΑΕ.
952 3590 1044 3648 II.
1088 3591 1286 3649 etiam
1312 3591 1659 3650 radiatum.

253 3737 322 3801 B.
512 3743 693 3804 IMP.
772 3741 1012 3803 CAES.
1076 3742 1150 3801 P.
1205 3742 1470 3808 HELV.
1516 3743 1725 3803 PER·

3157 454 3292 524 141

1810 625 2245 696 bernaculum‚
2293 645 2343 682 s.
2389 625 2828 700 cornucopiae.
2891 620 3031 681 AR.
3095 621 3301 701 (Mus.

1811 723 2027 802 Caes.)
2072 724 2208 783 ΑΕ.
2245 723 2291 780 1.
2339 723 2596 801 (Vaill.)

1933 824 2263 884 Fortunae
2293 823 2709 885 simulacrum
2746 841 2975 883 aversa
2991 820 3179 898 sistit,
3216 836 3308 885 at-

1808 941 1934 1006 que
1967 936 2035 984 ut
2060 923 2279 986 variae
2304 948 2338 985 a
2355 924 2667 985 Romanis
2690 927 3043 1001 Fortunae,
3079 924 3308 987 variis·

1820 1045 1946 1107 que
1977 1043 2092 1084 eae
2113 1024 2658 1107 appellationibus
2690 1027 2903 1087 cultae
2939 1040 3108 1101 sunt,
3147 1045 3307 1108 quas

1817 1123 1963 1184 fuse
1998 1125 2419 1213 persequitur
2461 1127 2853 1188 Plutarchus
2888 1130 2984 1206 ιι),
3052 1127 3141 1187 ita
3182 1127 3308 1188 hae

1819 1243 2047 1285 omnes
2094 1225 2361 1287 nomine
2407 1231 2671 1288 dearum
2721 1232 3046 1287 custodum
3080 1227 3147 1286 in
3179 1225 3308 1288 hoc

1818 1344 2017 1385 numo
2038 1324 2514 1407 intelliguntur,
2563 1349 2835 1410 quarum
2876 1348 2945 1388 se
2980 1328 3308 1409 praesidio

1818 1424 2128 1485 Pertinax
2161 1425 2230 1485 in
2267 1426 2444 1489 aditu
2476 1427 2735 1510 imperii
2766 1425 3200 1493 commendat.

2556 1593 2595 1633 :n

2103 1696 2347 1756 Antae‘ca
2391 1636 2674 1756 'incer-ta.
2719 1635 2760 1677 ι

1817 1792 1989 1858 DIS.
2024 1792 2649 1863 GENITORIBVS.
2701 1798 2922 1874 Cybele
2972 1800 3205 1858 turrita
3248 1808 3317 1862 et

1779 1944 1783 1950 .
1819 1897 2034 1954 velata
2063 1899 2125 1953 d.
2150 1907 2448 1972 pateram
2481 1917 2666 1975 anper
2693 1918 2877 1957 aram
2906 1905 3223 1973 extendit,
3264 1921 3317 1961 ε.

1825 1998 2119 2072 templum
2151 2004 2350 2070 tenet,
2385 2017 2505 2074 pro
2531 2001 2800 2075 pedibus
2828 2000 3081 2076 puellus
3111 2001 3318 2059 mani-

1826 2099 1941 2156 bus
1970 2098 2181 2169 elatis,
2229 2105 2293 2155 et
2322 2099 2843 2176 insistensylobo.
2899 2097 3039 2159 AE.
3055 2100 3102 2158 1.
3132 2099 3315 2178 (Bal-
3440 2097 3455 2114 ’

1825 2195 1960 2255 dini
1991 2194 2163 2278 apud
2196 2196 2393 2261 Vaill.
2420 2200 2609 2259 Tom.
2649 2199 2761 2277 11.)
3286 2211 3313 2226 ⁴

1952 2298 2085 2357 Iam
2113 2309 2179 2357 et
2216 2299 2349 2356 diis
2377 2301 2775 2376 yenitoribus
2810 2316 2881 2360 se
2903 2300 3316 2363 commendat

1823 2398 2158 2468 Pertinax,
2202 2416 2283 2457 ex
2312 2397 2548 2479 quibus
2578 2399 2834 2461 unicam
2874 2400 2981 2462 hic
3004 2402 3318 2482 Cybelen,

1827 2516 2102 2580 eamque
2137 2497 2638 2559 vetustissimam
2659 2544 2676 2574 ‚
2728 2505 3117 2584 Matremque
3133 2506 3320 2564 deum

1827 2597 2027 2680 vulgo
2041 2597 2434 2679 'appellatam
2454 2601 2783 2681 proponit.
2827 2599 3104 2662 Adstans
3135 2600 3321 2683 puel-

1828 2699 1934 2758 lus
1986 2718 2069 2760 ex
2103 2717 2335 2760 eorum
2370 2698 2544 2760 haud
2589 2699 2783 2761 dubie
2829 2722 3106 2763 numero
3171 2700 3320 2777 erit,

1834 2819 2115 2884 quorum
2150 2799 2264 2860 illa
2299 2799 2586 2883 genitrix
2621 2799 2751 2864 dici
2784 2801 3175 2885 promeruit.

2567 2955 2609 2995 1

2730 3001 2770 3040 ᾗ

2403 2998 2443 3038 ᾖ

2126 3058 2211 3117 Vt
2250 3058 2352 3118 lit.
2392 3059 2468 3118 A.

1836 3152 2074 3217 IANO.
2096 3156 2648 3223 CONSERVAT.
2671 3163 2869 3220 lanus
2889 3161 3135 3239 bifrons
3150 3170 3330 3222 stans

1804 3240 1897 3316 xd·
1931 3259 2204 3319 hastam.
2245 3258 2385 3318 AR.
2449 3260 2646 3336 (Mus.
2688 3256 2908 3339 Caes.)

1964 3355 2189 3417 Ianum
2235 3356 2434 3419 modo
2469 3360 2781 3421 Pertinax
2824 3370 3330 3422 conservatorem

1839 3476 2027 3517 sunm
2074 3456 2395 3538 appellat,
2455 3472 2844 3544 poteratque
2903 3460 2982 3522 ab
3033 3460 3157 3521 hoc
3196 3480 3332 3520 non

1837 3558 2221 3623 inficiandus
2260 3559 2492 3635 videri,
2539 3562 2845 3645 quoniam
2882 3580 2963 3623 eo
3003 3561 3147 3644 ipso
3169 3574 3330 3621 tem-

1842 3680 2040 3744 pore,
2108 3682 2236 3745 quo
2287 3684 2524 3725 annum
2583 3663 2770 3725 Ianus
2815 3662 3064 3745 aperit,
3130 3662 3334 3742 impe-

1841 3761 2014 3824 rium
2064 3763 2435 3845 auspicatus
2475 3771 2619 3841 est,
2683 3783 2848 3849 quae
2911 3763 3107 3824 etiam
3159 3759 3333 3823 haud

519 3845 814 3905 TINAX·
860 3824 1066 3917 AVG·
1133 3848 1333 3923 Caput
1371 3849 1730 3906 'mmmmm
1846 3862 2041 3929 dubia
2068 3863 2228 3926 lecti
2263 3862 2457 3945 hujus
2484 3864 2628 3949 ,typi
2662 3882 2854 3926 eausa
2884 3862 3163 3926 videtur.

519 3948 593 4007 in
619 3948 762 4006 ΑΕ.
791 3964 969 4006 maae.
999 3948 1167 4009 mod.
1197 3956 1264 4008 et
1297 3948 1440 4008 AB.
1476 3949 1530 4007 Ι.
1559 3949 1651 4008 11.

799 4206 840 4248 fi
964 4163 1006 4203 Ι.
1130 4206 1171 4248 ἢ

530 4304 612 4363 Vt
653 4302 751 4362 lit.
778 4302 861 4361 Α.
892 4302 1017 4371 ,vel
1037 4302 1113 4361 B.

265 4393 418 4461 DIS.
449 4395 1023 4470 CVSTODIBVS.
1071 4404 1305 4466 Mulier
1336 4413 1514 4468 stane
1533 4410 1594 4468 d.
1611 4428 1728 4488 yu-

2590 3999 2631 4039 *
2756 4042 2797 4084 ιι

2130 4105 2215 4164 re
2254 4103 2349 4164 m.
2386 4043 2465 4162 155

1847 4207 2012 4267 Llss.
2047 4203 2245 4297 ave.
2283 4205 2422 4263 ΤΗ.
2459 4202 2533 4306 Ρ.
2575 4184 2765 4265 cos.
2798 4202 2880 4264 11.
2919 4200 2986 4264 S.
3020 4202 3092 4265 c.
3138 4202 3340 4281 Impe-

1845 4315 2022 4367 rator
2055 4307 2278 4365 sedena
2315 4305 2386 4362 in
2416 4314 2714 4381 suqqestu
2744 4306 3145 4384 confiat-ium
3177 4307 3340 4364 divi-

1844 4411 1960 4468 die.
2017 4405 2155 4469 AE.
2189 4405 2237 4465 1.
2308 4402 2533 4485 (vain.
2572 4405 2739 4465 Mus.
2773 4404 3196 4485 christinae.)
3304 4422 3311 4439 ‘

283 4564 3340 4609 W&

374 4686 431 4756 a)
470 4683 542 4745 de
577 4686 737 4746 Fort.
775 4688 947 4749 Rom.
