4652 5937
1226 415 1327 489 54·
1924 386 2023 475 Μζ
2124 400 2738 475 AVREles
2841 396 3574 477 ANTONINVS'.

1222 603 1487 648 errores
1517 605 1597 646 an
1647 585 2061 669 agnoscimus
2114 574 2455 648 Aurelium
2503 587 2715 657 illum,

1222 685 1333 771 qui
1360 686 1424 746 in
1443 687 1927 748 commentariis
1955 688 2085 748 suis
2109 687 2334 772 exigit,
2370 700 2438 748 ut
2460 687 2602 769 quis
2634 686 2718 748 sit

1223 792 1479 849 deorum
1509 790 1714 850 cultor
1731 791 1969 871 absque
2000 800 2211 851 tamen
2247 792 2714 867 superstitione,

1226 887 1517 961 θεοσεβης
1572 908 1763 970 χωρις
1831 882 2310 973 δεισιδαιμονιας
2360 889 2458 968 ⁸),
2517 889 2630 972 qui
2679 910 2715 950 a

1228 989 1566 1072 Diogneto
1613 1008 1684 1049 se
1725 987 2031 1052 didicisse
2075 986 2425 1073 profitetur
2477 1009 2548 1047 το
2590 986 2726 1049 ἀπι-

1231 1108 1514 1163 στητηιον
1571 1109 1703 1163 τοις
1756 1086 1865 1149 ὕπο
1914 1111 2031 1149 των
2099 1093 2560 1171 τερατευόμενων
2619 1113 2720 1149 και

1231 1210 1470 1273 (γοητων
1501 1211 1632 1268 περι
1672 1183 1953 1270 ἐπῳδων,
2000 1213 2099 1249 και
2128 1211 2257 1268 περι
2311 1183 2607 1273 &amovear
2655 1187 2721 1251 oi·

1228 1313 1544 1373 ποπομπης
1571 1314 1669 1350 και
1699 1312 1815 1351 των
1849 1314 2125 1353 τοιουτων
2163 1297 2552 1376 hyopam,
2591 1312 2719 1353 non

1226 1390 1455 1456 habere
1487 1397 1678 1474 fidem
1711 1398 1796 1455 iis
1815 1439 1832 1469 ‚
1877 1416 2043 1478 quae
2067 1378 2504 1477 portentorum
2531 1413 2720 1473 prae·

1225 1499 1689 1577 stiqae’arumque
1743 1500 2030 1558 doctores
2082 1501 2161 1558 de
2216 1478 2720 1557 incentamento-

1227 1618 1368 1660 mm
1418 1601 1920 1678 daemonumque
1986 1600 2353 1676 depulsione
2375 1641 2394 1673 ,
2457 1607 2523 1657 et
2556 1615 2721 1678 quae

1230 1710 1383 1762 sunt
1411 1702 1704 1778 idqeuus
1729 1700 1869 1756 alia
1889 1740 1907 1772 ,
1952 1700 2022 1757 ae'n
2057 1701 2286 1777 vulqus
2333 1699 2604 1775 efferunt
2629 1693 2718 1776 b),

1226 1802 1340 1886 qui
1372 1801 1592 1883 legem
1627 1798 1768 1881 ipse
1797 1796 1982 1872 tulit,
2027 1808 2102 1860 ut
2131 1801 2200 1858 in
2230 1801 2513 1860 insulam
2565 1801 2722 1861 rele-

1222 1910 1531 1984 yarentm·
1549 1944 1566 1974 ‚
1611 1903 1727 1982 qm*
1768 1899 2025 1980 aliquid
2048 1902 2361 1978 facerent,
2406 1921 2530 1981 quo
2551 1900 2721 1961 leves

1222 2007 1546 2067 homimem
1580 2004 1785 2061 animi
1812 2004 2259 2077 superstitione
2286 2005 2571 2063 numinis
2602 2011 2723 2063 ter·

1225 2114 1512 2169 ferentur
1543 2101 1623 2182 ο).
1706 2100 1840 2192 Qui
1906 2103 2182 2165 animam
2233 2101 2720 2187 hominis-esse

1221 2203 1664 2268 immortalem
1686 2247 1703 2279 ,
1749 2204 1860 2265 aut
1902 2204 2097 2287 plane
2125 2201 2444 2270 dubitavit
2474 2203 2538 2285 d)
2560 2249 2577 2280 ,
2613 2219 2725 2269 aut

1228 2307 1508 2369 disserte
1535 2302 1801 2384 negavit
1832 2305 1914 2382 θ),
1958 2303 2135 2367 idem
2148 2319 2368 2391 tamen
2387 2304 2728 2388 magistro·

1221 2429 1373 2471 rum
1400 2394 1673 2467 suorum
1689 2404 1991 2487 sepulcra
2008 2406 2240 2468 hostiis
2256 2407 2605 2469 honoravit
2647 2403 2725 2486 ί).

1350 2509 1439 2571 At
1470 2524 1632 2570 vero
1687 2506 1742 2567 si
1792 2507 1968 2569 hune
2003 2507 2201 2570 animi
2236 2496 2528 2570 habitum
2573 2528 2723 2571 cum

1226 2636 1377 2680 sana
1412 2605 1830 2697 philosophia
1861 2628 2058 2701 posse
2109 2610 2473 2671 consistere
2517 2608 2727 2679 incre-

1224 2717 1432 2782 dibile
1468 2710 1735 2776 videtur
1776 2707 1914 2784 illi,
1958 2707 2107 2792 qui,
2155 2710 2334 2793 quod
2370 2730 2491 2772 nos
2526 2708 2726 2771 hodie

1221 2820 1536 2890 facimus,
1580 2824 1880 2877 veterem
1919 2810 2384 2897 auspiciorum,
2431 2812 2726 2872 oraculo-

1222 2944 1412 2999 rum,
1486 2917 1944 3006 prodigiorum
2008 2911 2360 2976 vanitatem
2403 2911 2617 3004 ridet,
2666 2912 2724 2974 is

1230 3043 1476 3110 quaeso
1509 3033 1794 3105 reputet,
1839 3017 2051 3099 ipsum
2068 3013 2308 3076 horum
2337 3015 2730 3076 exercitium

1227 3140 1371 3189 tum
1416 3145 1567 3189 cum
1606 3119 1818 3184 causis
1865 3114 2206 3201 religionis
2247 3112 2452 3176 fuisse
2486 3134 2726 3177 conne-

1227 3248 1418 3303 xum,
1478 3237 1674 3307 atque
1742 3233 1816 3283 ut
1859 3221 1935 3281 P.
1977 3215 2284 3310 Clodius,
2348 3216 2720 3292 Lucretius,

1189 3327 1597 3416 (Lucienus,
1652 3323 1769 3407 qui
1830 3318 2151 3404 auspicia,
2184 3331 2272 3382 et
2314 3340 2350 3381 a
2412 3316 2535 3379 diis
2583 3337 2722 3380 me-

1227 3444 1371 3492 tum
1397 3428 1725 3503 riserunt,
1775 3422 1933 3485 dicti
1962 3421 2151 3482 fuere
2189 3419 2412 3519 impii,
2444 3419 2539 3482 sic
2569 3438 2722 3481 con·

1229 3545 1332 3593 tra
1394 3528 1579 3646 P¹⁰⁵2
1645 3526 1756 3610 qui
1819 3523 1984 3584 haec
2065 3520 2288 3582 omnia
2331 3521 2721 3604 probavere.

1236 3629 1434 3726 Quod
1509 3630 1565 3691 si
1618 3626 1763 3713 quis
1810 3624 1935 3686 fuit
1980 3624 2196 3686 animo
2239 3622 2466 3705 paullo
2514 3621 2728 3704 magis

1229 3748 1507 3806 tenero,
1554 3728 1829 3811 diisque
1850 3725 1984 3786 suis
2036 3722 2522 3818 indulgentior,
2574 3744 2726 3786 con·

1229 3835 1504 3919 tingere
1530 3848 1813 3915 pronum
1846 3825 2100 3901 fuerat,
2141 3839 2216 3888 ut
2251 3813 2721 3894 nonnullorum

1229 3935 1477 4019 judicio
1531 3930 1859 3996 excedere
1891 3927 2101 4009 justae
2141 3926 2405 4010 pietatis
2437 3926 2599 3991 fines
2629 3927 2723 3992 vi-

1235 4037 1528 4101 deretur.
1606 4036 1710 4098 An
1752 4051 1914 4096 vero
1969 4029 2164 4091 etiam
2219 4042 2360 4090 tum
2412 4031 2722 4092 continuo

1235 4136 1717 4223 superstitionis
1755 4153 1909 4197 reus
1952 4129 2321 4216 putandus?
2368 4130 2533 4226 Quis
2549 4131 2721 4192 enim

1235 4237 1303 4299 in
1348 4237 1526 4301 omni
1584 4234 1965 4318 antiquitate
2022 4232 2320 4295 censoria
2373 4253 2486 4293 sua
2537 4231 2722 4314 virga

1238 4361 1430 4403 ausus
1479 4349 1579 4400 est
1630 4332 1942 4398 definire·
1964 4336 2290 4396 hactenus
2308 4337 2562 4395 sincera
2579 4338 2724 4396 reli-

2832 590 2986 668 qt'o·
2955 633 2980 662 ,
3030 594 3206 670 quod
3230 592 3403 650 ultra
3437 599 3568 662 est,
3611 589 4000 667 superstitio
4041 586 4322 647 habetor.
4309 587 4336 623 ⁹

2837 686 2986 781 Quo
3030 689 3294 773 quidem
3353 689 3420 749 in
3485 686 3776 750 arbitrio
3805 708 4145 751 verorum
4189 685 4341 745 limi·

2834 801 2970 850 tum
3022 788 3432 872 ignoratione
3469 802 3719 852 tantum
3775 766 4150 851 fluctuavit
4201 787 4345 847 anti·

2833 890 3073 972 quites,
3135 904 3445 977 quantum
3515 890 3582 951 in
3626 888 4119 965 admittendis,
4168 907 4347 969 repu-

2840 990 3174 1053 diandisve
3207 991 3546 1074 religionis
3576 1007 3842 1055 nostrae
3874 988 4198 1055 cultibus
4228 1008 4350 1049 nou

2838 1113 2988 1154 raro
3023 1091 3354 1176 hodieque
3380 1090 3768 1157 fluctuamus
3813 1091 3994 1176 ipsi,
4053 1104 4193 1152 tam
4227 1107 4352 1149 sae·

2833 1212 2918 1274 pe
2961 1193 3232 1256 incertis
3281 1196 3437 1256 olim
3482 1209 3549 1258 et
3610 1215 3784 1256 nunc
3847 1210 4111 1256 causae
4167 1187 4352 1270 hujus

2833 1290 3107 1371 finibus,
3156 1318 3347 1380 quam
3397 1317 3528 1358 non
3568 1315 3832 1380 semper
3868 1294 4046 1356 satis
4099 1305 4205 1373 est
4256 1309 4355 1351 ex·

2832 1396 3197 1478 ploratum,
3256 1398 3369 1460 uhi
3421 1397 3671 1461 desinat
3717 1394 4153 1470 liberalitas,
4218 1412 4356 1475 par-

2834 1496 3143 1574 simonia,
3219 1498 3468 1574 cautio,
3545 1498 3657 1560 ubi
3723 1498 3973 1561 deiude
4041 1492 4366 1556 succedat·

2834 1598 3300 1682 prodigalitas,
3374 1599 3677 1675 avaritia,
3740 1598 4040 1681 ignavia.
4156 1597 4359 1656 Acce·
4417 1584 4427 1591 ⁹

2837 1698 2963 1776 dit,
3021 1700 3198 1782 quod
3253 1700 3434 1761 omni
3480 1720 3642 1762 aevo
3687 1701 3972 1762 humana
4037 1697 4227 1760 ratio
4270 1695 4360 1754 in·

2837 1794 3141 1863 credibili
3185 1814 3489 1885 stupore,
3532 1815 3598 1864 et
3638 1815 3788 1884 post
3818 1813 3916 1863 tot
3951 1798 4356 1862 seculorum

2835 1902 3280 1986 experimenta
3299 1902 3589 1964 nondum
3610 1900 3907 1986 depulso,
3948 1900 4152 1986 quod
4174 1908 4356 1958 recte

2834 2002 3077 2066 factum
3112 2018 3243 2081 est,
3277 1990 3454 2088 quod
3487 2004 3739 2087 inique,
3788 2023 3869 2064 ex
3900 2001 4223 2064 fortuitis
4255 2017 4356 2060 re·

2837 2111 2982 2167 rum
3018 2106 3271 2169 eventis
3313 2104 3485 2167 solet
3526 2104 3762 2166 metiri.
3816 2106 3888 2163 In
3914 2103 4126 2166 Nicia
4155 2098 4358 2163 Athe·

2813 2206 3163 2285 ‘niensium
3228 2205 3395 2268 duce
3423 2247 3443 2283 ,
3518 2204 4064 2288 superstitionem
4131 2201 4354 2283 culpa-

2838 2307 2934 2370 vit
2963 2308 3309 2391 antiquitas
3331 2352 3347 2383 ,
3389 2304 3567 2395 quod
3599 2307 3922 2389 religione
3949 2306 4169 2367 lunae
4219 2317 4353 2363 tum

2840 2411 3015 2474 forte
3056 2406 3422 2473 deficientis
3482 2406 3731 2472 veritus
3766 2418 3866 2468 est
3905 2424 4201 2469 movere
4254 2422 4352 2465 cs·

2843 2525 2974 2575 stra
2993 2557 3010 2589 ,
3057 2525 3251 2594 atque
3274 2509 3644 2572 inconsulto
3677 2508 3805 2569 hoc
3820 2522 4149 2590 angustae
4172 2522 4354 2565 men-

2841 2613 2925 2675 tis
2953 2614 3294 2696 proposito
3326 2609 3747 2692 semetipsum
3775 2628 3850 2670 ac
3880 2609 4172 2689 patriam
4203 2623 4350 2689 per·

2843 2713 3027 2775 didit.
3097 2712 3350 2776 Eadem
3387 2710 3453 2773 in
3496 2711 3576 2774 P.
3611 2708 3844 2773 Clodio
3890 2708 4199 2792 culpavit
4231 2705 4347 2766 im·

2840 2816 3149 2898 pietatem
3175 2859 3193 2889 ‚
3249 2813 3436 2900 quod,
3486 2808 3704 2895 pullos
3755 2808 4124 2893 tripudium
4193 2804 4346 2867 soli·

2797 2917 3103 2980 ,stimum
3162 2928 3493 2996 aversatos
3527 2912 3631 2975 'ad
3684 2924 3910 2995 potum
3974 2904 4341 2977 damnavit,

2839 3039 2914 3081 ac
2957 3039 3111 3080 mox
3143 3016 3397 3079 cladem
3429 3013 3595 3075 mari
3619 3031 3971 3097 perpessus
4007 3030 4166 3073 rem
4211 3008 4342 3068 Ro·

2838 3140 3092 3181 manam
3121 3115 3390 3179 adflixit.
3445 3114 3733 3183 vicisset
3765 3101 4015 3188 Nicias,
4065 3107 4210 3178 non
4262 3109 4337 3170 il·

2835 3218 3006 3280 lum
3027 3209 3551 3314 superstitiosum
3602 3213 3878 3277 dixisset
3927 3211 4146 3292 fama,
4220 3208 4340 3273 sed

2837 3319 3112 3383 deorum
3140 3317 3403 3382 monitis
3432 3329 3616 3380 recte
3658 3313 4084 3408 obsecutum3
4141 3311 4339 3376 vicis·

2834 3437 2934 3487 set
2970 3422 3279 3497 Clodius,
3315 3440 3390 3482 ac
3413 3432 3551 3481 tum
3578 3417 3696 3481 ille
3723 3439 3853 3480 non
3885 3414 4170 3500 impius,
4219 3407 4338 3473 sed

2834 3525 3170 3609 pullorum
3220 3521 3553 3585 fastidium
3592 3518 3938 3604 prudentia
3972 3516 4333 3600 castigasse

2836 3623 3071 3710 fuisset
3105 3613 3419 3687 creditus.
3498 3622 3919 3738 Quapropter
3965 3618 4017 3679 si
4049 3609 4334 3698 vigenti·

2838 3726 2961 3788 bus
3015 3739 3150 3788 tum
3205 3725 3418 3788 adhuc
3483 3723 3680 3807 patrii
3727 3723 3942 3783 cultus
3990 3715 4328 3785 institutis,

2775 3881 2796 3904 f,
2836 3823 3031 3911 atque
3066 3826 3134 3886 in
3159 3824 3278 3889 illo
3315 3826 3694 3910 opinionum
3725 3820 4138 3906 publicarum
4177 3834 4333 3880 con·

2835 3924 3022 3991 flictu
3075 3946 3541 4011 nonnunquam
3589 3947 3628 3988 a
3682 3943 3754 3984 se
3800 3915 3947 4005 ipso
4001 3917 4326 3981 dissidere

2837 4028 3392 4090 bonusAurelius
3421 4042 3522 4091 est
3552 4024 3730 4090 visus
3752 4069 3768 4100 ‚
3816 4021 3957 4086 sive
3996 4016 4175 4105 quod
4219 4036 4326 4083 na-

2838 4129 3068 4193 turalis
3108 4128 3250 4212 ejus
3285 4130 3354 4191 iu
3387 4128 3548 4192 deos
3583 4143 3736 4188 suos
3771 4119 4019 4207 pietas,
4075 4135 4143 4184 et
4195 4119 4326 4206 pri·

2839 4252 3067 4295 maeva
3124 4229 3482 4304 institutio,
3544 4246 3712 4312 quae
3782 4224 3980 4288 etiam
4012 4221 4327 4288 cordatis·

2842 4332 3077 4393 simum
3153 4349 3481 4416 quemque
3555 4348 3707 4390 raro
3795 4328 3992 4411 plene
4055 4323 4324 4395 deserit,

3195 4417 3208 4426 ,

1351 4489 1411 4561 a)
1442 4481 1533 4553 ἕις
1556 4476 1758 4544 §aus-or
1800 4488 1864 4544 L.
1902 4482 2004 4545 VI.
2053 4486 2083 4555 §
2112 4494 2201 4545 30.

1242 4580 1315 4638 de
1330 4581 1540 4658 poeuis
1564 4579 1669 4638 lib.
1689 4593 1778 4644 30.
1826 4627 1827 4632 ,

1244 4693 1291 4731 0.
1332 4678 1454 4736 147.
1490 4681 1548 4728 et
1578 4667 1730 4730 Chil.
1767 4667 1925 4730 vm.
1956 4687 2008 4728 c.
2051 4676 2173 4729 180·

2403 4481 2470 4550 b)
2508 4482 2644 4540 Ibid
2675 4481 2740 4540 L.
2774 4481 2817 4538 1.
2858 4481 2966 4549 ἑὸ.

1928 4580 1997 4651 d)
2046 4571 2134 4648 εἰς
2152 4572 2320 4640 saur.
2363 4574 2428 4632 L2.
2457 4571 2559 4636 111.
2601 4576 2702 4647 §3.
2733 4565 3115 4639 L.IV.—21,
3148 4568 3219 4629 L.
3253 4568 3363 4632 VI.
3391 4577 3485 4632 24.
3515 4643 3520 4656 f

2379 4665 2437 4736 O
2478 4660 2798 4741 ,Capitolin-
2825 4659 2888 4718 in
2917 4657 3119 4726 Aurel.
3157 4678 3209 4717 c·
3239 4667 3293 4724 ὅ.

3168 4472 3228 4553 c)
3262 4479 3477 4537 Paulus
3505 4479 3677 4557 Digg.
3714 4478 3779 4534 L.
3806 4476 4069 4535 XLVIII.
4104 4474 4194 4532 tit.
4238 4486 4322 4545 19·

3617 4570 3692 4641 e)
3731 4569 3970 4625 Tzetzes
4004 4564 4161 4625 Chil.
4193 4562 4319 4627 VII·

3493 5749 3592 5766 12--4
3601 5743 3824 5766 *ιαμ-’.ε
3853 5753 3890 5760 -.
