<?xml version="1.0" encoding="UTF-8"?>
<!DOCTYPE html PUBLIC "-//W3C//DTD XHTML 1.0 Transitional//EN"
    "http://www.w3.org/TR/xhtml1/DTD/xhtml1-transitional.dtd">
<html xmlns="http://www.w3.org/1999/xhtml" xml:lang="en" lang="en">
 <head>
  <title>
</title>
<meta http-equiv="Content-Type" content="text/html;charset=utf-8" />
  <meta name='ocr-system' content='tesseract 3.04.00' />
  <meta name='ocr-capabilities' content='ocr_page ocr_carea ocr_par ocr_line ocrx_word'/>
</head>
<body>
  <div class='ocr_page' id='page_1' title='image "./doctrinanumorum05hohlgoog_0022.png"; bbox 0 0 4652 5937; ppageno 0'>
   <div class='ocr_carea' id='block_1_1' title="bbox 3021 309 3063 344">
    <p class='ocr_par' dir='ltr' id='par_1_1' title="bbox 3021 309 3063 344">
     <span class='ocr_line' id='line_1_1' title="bbox 3021 309 3063 344; baseline 0 -4"><span class='ocrx_word' id='word_1_1' title='bbox 3021 309 3063 344; x_wconf 72' lang='grc' dir='ltr'><em>Ι</em></span> 
     </span>
    </p>
   </div>
   <div class='ocr_carea' id='block_1_2' title="bbox 1264 429 3385 561">
    <p class='ocr_par' dir='ltr' id='par_1_2' title="bbox 1264 429 3385 561">
     <span class='ocr_line' id='line_1_2' title="bbox 1264 429 3385 561; baseline -0.012 -26"><span class='ocrx_word' id='word_1_2' title='bbox 1264 471 1329 535; x_wconf 60' lang='lat' dir='ltr'><strong>‘a</strong></span> <span class='ocrx_word' id='word_1_3' title='bbox 2263 436 2986 553; x_wconf 16' lang='lat' dir='ltr'><strong>ANToNthvs</strong></span> <span class='ocrx_word' id='word_1_4' title='bbox 3082 429 3385 561; x_wconf 62' lang='lat' dir='ltr'><strong>pivs</strong></span> 
     </span>
    </p>
   </div>
   <div class='ocr_carea' id='block_1_3' title="bbox 1218 616 4436 1728">
    <p class='ocr_par' dir='ltr' id='par_1_3' title="bbox 1218 616 4436 1728">
     <span class='ocr_line' id='line_1_3' title="bbox 1272 616 4427 721; baseline -0.006 -22"><span class='ocrx_word' id='word_1_5' title='bbox 1272 633 1610 721; x_wconf 68' lang='lat' dir='ltr'><strong>quidquid</strong></span> <span class='ocrx_word' id='word_1_6' title='bbox 1638 629 1927 695; x_wconf 87' lang='lat' dir='ltr'><strong>muneris</strong></span> <span class='ocrx_word' id='word_1_7' title='bbox 1950 673 1966 705; x_wconf 92' lang='lat'><strong>,</strong></span> <span class='ocrx_word' id='word_1_8' title='bbox 2026 642 2094 691; x_wconf 90' lang='lat' dir='ltr'><strong>et</strong></span> <span class='ocrx_word' id='word_1_9' title='bbox 2122 625 2428 692; x_wconf 79' lang='lat' dir='ltr'><strong>beneficii</strong></span> <span class='ocrx_word' id='word_1_10' title='bbox 2474 627 2628 692; x_wconf 82' lang='lat' dir='ltr'><strong>loco</strong></span> <span class='ocrx_word' id='word_1_11' title='bbox 2666 616 2782 688; x_wconf 84' lang='lat' dir='ltr'><strong>ali·</strong></span> <span class='ocrx_word' id='word_1_12' title='bbox 2892 622 3064 686; x_wconf 88' lang='lat' dir='ltr'><strong>ratio</strong></span> <span class='ocrx_word' id='word_1_13' title='bbox 3096 621 3472 708; x_wconf 74' lang='lat' dir='ltr'><strong>adpravam</strong></span> <span class='ocrx_word' id='word_1_14' title='bbox 3520 619 3662 704; x_wconf 81' lang='lat' dir='ltr'><strong>ejus</strong></span> <span class='ocrx_word' id='word_1_15' title='bbox 3691 620 3858 684; x_wconf 77' lang='lat' dir='ltr'><strong>sevi</strong></span> <span class='ocrx_word' id='word_1_16' title='bbox 3915 616 4427 705; x_wconf 75' lang='lat' dir='ltr'><strong>magistratuum</strong></span> 
     </span>
     <span class='ocr_line' id='line_1_4' title="bbox 1292 721 4430 809; baseline -0.007 -8"><span class='ocrx_word' id='word_1_17' title='bbox 1292 737 1400 801; x_wconf 86' lang='lat' dir='ltr'><strong>cui</strong></span> <span class='ocrx_word' id='word_1_18' title='bbox 1454 735 1667 798; x_wconf 88' lang='lat' dir='ltr'><strong>datur.</strong></span> <span class='ocrx_word' id='word_1_19' title='bbox 1750 732 1885 796; x_wconf 88' lang='lat' dir='ltr'><strong>Sed</strong></span> <span class='ocrx_word' id='word_1_20' title='bbox 1928 732 2089 795; x_wconf 84' lang='lat' dir='ltr'><strong>haec</strong></span> <span class='ocrx_word' id='word_1_21' title='bbox 2124 730 2325 796; x_wconf 85' lang='lat' dir='ltr'><strong>variis</strong></span> <span class='ocrx_word' id='word_1_22' title='bbox 2355 742 2654 793; x_wconf 74' lang='lat' dir='ltr'><strong>veterum</strong></span> <span class='ocrx_word' id='word_1_23' title='bbox 2688 742 2781 789; x_wconf 91' lang='lat' dir='ltr'><strong>te·</strong></span> <span class='ocrx_word' id='word_1_24' title='bbox 2895 723 3337 809; x_wconf 87' lang='lat' dir='ltr'><strong>cupiditatem.</strong></span> <span class='ocrx_word' id='word_1_25' title='bbox 3382 728 3618 788; x_wconf 83' lang='lat' dir='ltr'><strong>Narrat</strong></span> <span class='ocrx_word' id='word_1_26' title='bbox 3649 723 3839 786; x_wconf 85' lang='lat' dir='ltr'><strong>enim</strong></span> <span class='ocrx_word' id='word_1_27' title='bbox 3882 723 4034 785; x_wconf 90' lang='lat' dir='ltr'><strong>Dio</strong></span> <span class='ocrx_word' id='word_1_28' title='bbox 4072 721 4161 785; x_wconf 90' lang='lat' dir='ltr'><strong>ad</strong></span> <span class='ocrx_word' id='word_1_29' title='bbox 4197 739 4430 783; x_wconf 86' lang='lat' dir='ltr'><strong>annum</strong></span> 
     </span>
     <span class='ocr_line' id='line_1_5' title="bbox 1292 821 4431 917; baseline -0.006 -17"><span class='ocrx_word' id='word_1_30' title='bbox 1292 837 1612 900; x_wconf 85' lang='lat' dir='ltr'><strong>stimoniis</strong></span> <span class='ocrx_word' id='word_1_31' title='bbox 1667 835 1876 917; x_wconf 84' lang='lat' dir='ltr'><strong>magis</strong></span> <span class='ocrx_word' id='word_1_32' title='bbox 1939 832 2250 917; x_wconf 82' lang='lat' dir='ltr'><strong>deinceps</strong></span> <span class='ocrx_word' id='word_1_33' title='bbox 2303 829 2780 895; x_wconf 82' lang='lat' dir='ltr'><strong>confirmabun-</strong></span> <span class='ocrx_word' id='word_1_34' title='bbox 2892 826 2974 892; x_wconf 85' lang='lat' dir='ltr'><strong>V.</strong></span> <span class='ocrx_word' id='word_1_35' title='bbox 3007 829 3080 890; x_wconf 90' lang='lat' dir='ltr'><strong>C.</strong></span> <span class='ocrx_word' id='word_1_36' title='bbox 3116 845 3242 910; x_wconf 78' lang='lat'><strong>720</strong></span> <span class='ocrx_word' id='word_1_37' title='bbox 3285 821 3384 906; x_wconf 75' lang='lat' dir='ltr'><strong>d),</strong></span> <span class='ocrx_word' id='word_1_38' title='bbox 3443 828 3641 889; x_wconf 86' lang='lat' dir='ltr'><strong>etiam</strong></span> <span class='ocrx_word' id='word_1_39' title='bbox 3681 846 3850 903; x_wconf 89' lang='lat' dir='ltr'><strong>eos,</strong></span> <span class='ocrx_word' id='word_1_40' title='bbox 3905 823 4036 912; x_wconf 86' lang='lat' dir='ltr'><strong>qui</strong></span> <span class='ocrx_word' id='word_1_41' title='bbox 4080 822 4199 887; x_wconf 80' lang='lat' dir='ltr'><strong>vel</strong></span> <span class='ocrx_word' id='word_1_42' title='bbox 4254 821 4431 883; x_wconf 88' lang='lat' dir='ltr'><strong>mini-</strong></span> 
     </span>
     <span class='ocr_line' id='line_1_6' title="bbox 1296 922 4431 1013; baseline -0.006 -14"><span class='ocrx_word' id='word_1_43' title='bbox 1296 954 1424 1003; x_wconf 88' lang='lat' dir='ltr'><strong>tur.</strong></span> <span class='ocrx_word' id='word_1_44' title='bbox 2108 996 2115 1003; x_wconf 72' lang='grc'>,</span> <span class='ocrx_word' id='word_1_45' title='bbox 2254 992 2255 995; x_wconf 74' lang='grc'>,</span> <span class='ocrx_word' id='word_1_46' title='bbox 2893 949 3065 991; x_wconf 90' lang='lat' dir='ltr'><strong>mam</strong></span> <span class='ocrx_word' id='word_1_47' title='bbox 3126 929 3403 1013; x_wconf 76' lang='lat' dir='ltr'><strong>aliquam</strong></span> <span class='ocrx_word' id='word_1_48' title='bbox 3466 927 3982 1012; x_wconf 63' lang='lat' dir='ltr'><strong>praefecturam</strong></span> <span class='ocrx_word' id='word_1_49' title='bbox 4054 922 4431 1000; x_wconf 83' lang='lat' dir='ltr'><strong>obtinuere,</strong></span> 
     </span>
     <span class='ocr_line' id='line_1_7' title="bbox 1421 1023 4436 1123; baseline -0.006 -21"><span class='ocrx_word' id='word_1_50' title='bbox 1421 1040 1720 1107; x_wconf 79' lang='lat' dir='ltr'><strong>Coronae</strong></span> <span class='ocrx_word' id='word_1_51' title='bbox 1744 1037 1869 1098; x_wconf 85' lang='lat' dir='ltr'><strong>bae</strong></span> <span class='ocrx_word' id='word_1_52' title='bbox 1889 1037 2299 1113; x_wconf 64' lang='lat' dir='ltr'><strong>triumphales</strong></span> <span class='ocrx_word' id='word_1_53' title='bbox 2317 1046 2587 1123; x_wconf 79' lang='lat' dir='ltr'><strong>vocatae</strong></span> <span class='ocrx_word' id='word_1_54' title='bbox 2611 1047 2781 1111; x_wconf 84' lang='lat' dir='ltr'><strong>sunt,</strong></span> <span class='ocrx_word' id='word_1_55' title='bbox 2895 1028 3301 1113; x_wconf 85' lang='lat' dir='ltr'><strong>triumphum</strong></span> <span class='ocrx_word' id='word_1_56' title='bbox 3330 1029 3455 1092; x_wconf 81' lang='lat' dir='ltr'><strong>sibi</strong></span> <span class='ocrx_word' id='word_1_57' title='bbox 3480 1030 3583 1091; x_wconf 79' lang='lat' dir='ltr'><strong>vel</strong></span> <span class='ocrx_word' id='word_1_58' title='bbox 3613 1028 3695 1092; x_wconf 82' lang='lat' dir='ltr'><strong>ab</strong></span> <span class='ocrx_word' id='word_1_59' title='bbox 3715 1027 4036 1092; x_wconf 83' lang='lat' dir='ltr'><strong>Antonio</strong></span> <span class='ocrx_word' id='word_1_60' title='bbox 4054 1071 4075 1103; x_wconf 88' lang='lat'>‚</span> <span class='ocrx_word' id='word_1_61' title='bbox 4109 1024 4227 1090; x_wconf 83' lang='lat' dir='ltr'><strong>vel</strong></span> <span class='ocrx_word' id='word_1_62' title='bbox 4244 1023 4436 1088; x_wconf 86' lang='lat' dir='ltr'><strong>Octa·</strong></span> 
     </span>
     <span class='ocr_line' id='line_1_8' title="bbox 1270 1123 4433 1226; baseline -0.005 -23"><span class='ocrx_word' id='word_1_63' title='bbox 1270 1140 1444 1226; x_wconf 64' lang='lat' dir='ltr'><strong>&#39;quia</strong></span> <span class='ocrx_word' id='word_1_64' title='bbox 1493 1159 1609 1202; x_wconf 83' lang='lat' dir='ltr'><strong>eas</strong></span> <span class='ocrx_word' id='word_1_65' title='bbox 1662 1137 1959 1202; x_wconf 84' lang='lat' dir='ltr'><strong>civitates</strong></span> <span class='ocrx_word' id='word_1_66' title='bbox 2004 1149 2273 1198; x_wconf 75' lang='lat' dir='ltr'><strong>exterae</strong></span> <span class='ocrx_word' id='word_1_67' title='bbox 2324 1134 2603 1198; x_wconf 87' lang='lat' dir='ltr'><strong>ducibus</strong></span> <span class='ocrx_word' id='word_1_68' title='bbox 2650 1137 2785 1197; x_wconf 82' lang='lat' dir='ltr'><strong>Ro·</strong></span> <span class='ocrx_word' id='word_1_69' title='bbox 2895 1129 3090 1194; x_wconf 77' lang='lat' dir='ltr'><strong>viano</strong></span> <span class='ocrx_word' id='word_1_70' title='bbox 3151 1128 3589 1214; x_wconf 76' lang='lat' dir='ltr'><strong>quaesivisse,</strong></span> <span class='ocrx_word' id='word_1_71' title='bbox 3660 1144 3867 1216; x_wconf 82' lang='lat' dir='ltr'><strong>atque</strong></span> <span class='ocrx_word' id='word_1_72' title='bbox 3939 1128 4103 1211; x_wconf 86' lang='lat' dir='ltr'><strong>ejus</strong></span> <span class='ocrx_word' id='word_1_73' title='bbox 4165 1123 4433 1188; x_wconf 86' lang='lat' dir='ltr'><strong>nomine</strong></span> 
     </span>
     <span class='ocr_line' id='line_1_9' title="bbox 1291 1228 4436 1320; baseline -0.004 -15"><span class='ocrx_word' id='word_1_74' title='bbox 1291 1242 1502 1305; x_wconf 86' lang='lat' dir='ltr'><strong>manis</strong></span> <span class='ocrx_word' id='word_1_75' title='bbox 1537 1241 1619 1303; x_wconf 83' lang='lat' dir='ltr'><strong>ad</strong></span> <span class='ocrx_word' id='word_1_76' title='bbox 1661 1237 2063 1320; x_wconf 78' lang='lat' dir='ltr'><strong>triumphos,</strong></span> <span class='ocrx_word' id='word_1_77' title='bbox 2112 1248 2293 1320; x_wconf 84' lang='lat' dir='ltr'><strong>quos</strong></span> <span class='ocrx_word' id='word_1_78' title='bbox 2313 1236 2379 1296; x_wconf 90' lang='lat' dir='ltr'><strong>in</strong></span> <span class='ocrx_word' id='word_1_79' title='bbox 2412 1236 2578 1298; x_wconf 88' lang='lat' dir='ltr'><strong>urbe</strong></span> <span class='ocrx_word' id='word_1_80' title='bbox 2607 1247 2784 1297; x_wconf 85' lang='lat' dir='ltr'><strong>actu·</strong></span> <span class='ocrx_word' id='word_1_81' title='bbox 2897 1252 3198 1314; x_wconf 84' lang='lat' dir='ltr'><strong>magnam</strong></span> <span class='ocrx_word' id='word_1_82' title='bbox 3232 1230 3373 1307; x_wconf 76' lang='lat' dir='ltr'><strong>auri</strong></span> <span class='ocrx_word' id='word_1_83' title='bbox 3409 1232 3739 1296; x_wconf 83' lang='lat' dir='ltr'><strong>coronarii</strong></span> <span class='ocrx_word' id='word_1_84' title='bbox 3773 1232 3925 1296; x_wconf 78' lang='lat' dir='ltr'><strong>vim</strong></span> <span class='ocrx_word' id='word_1_85' title='bbox 3949 1231 4261 1313; x_wconf 67' lang='grc' dir='ltr'><strong>(χρυσεᾶν</strong></span> <span class='ocrx_word' id='word_1_86' title='bbox 4288 1228 4436 1286; x_wconf 80' lang='grc' dir='ltr'><strong>πολυ</strong></span> 
     </span>
     <span class='ocr_line' id='line_1_10' title="bbox 1289 1328 4374 1421; baseline -0.005 -16"><span class='ocrx_word' id='word_1_87' title='bbox 1289 1344 1352 1406; x_wconf 87' lang='lat' dir='ltr'><strong>ri</strong></span> <span class='ocrx_word' id='word_1_88' title='bbox 1384 1355 1635 1414; x_wconf 87' lang='lat' dir='ltr'><strong>essent,</strong></span> <span class='ocrx_word' id='word_1_89' title='bbox 1672 1340 1976 1402; x_wconf 77' lang='lat' dir='ltr'><strong>obtulere</strong></span> <span class='ocrx_word' id='word_1_90' title='bbox 1997 1383 2014 1413; x_wconf 94' lang='lat'><strong>,</strong></span> <span class='ocrx_word' id='word_1_91' title='bbox 2044 1337 2113 1398; x_wconf 85' lang='lat' dir='ltr'><strong>in</strong></span> <span class='ocrx_word' id='word_1_92' title='bbox 2142 1335 2381 1421; x_wconf 86' lang='lat' dir='ltr'><strong>quibus</strong></span> <span class='ocrx_word' id='word_1_93' title='bbox 2424 1355 2533 1397; x_wconf 86' lang='lat' dir='ltr'><strong>eas</strong></span> <span class='ocrx_word' id='word_1_94' title='bbox 2565 1336 2782 1420; x_wconf 83' lang='lat' dir='ltr'><strong>palam</strong></span> <span class='ocrx_word' id='word_1_95' title='bbox 2879 1328 2959 1405; x_wconf 63' lang='grc' dir='ltr'><strong>ἐς</strong></span> <span class='ocrx_word' id='word_1_96' title='bbox 2983 1354 3093 1403; x_wconf 69' lang='grc' dir='ltr'><strong>τκς</strong></span> <span class='ocrx_word' id='word_1_97' title='bbox 3128 1333 3453 1413; x_wconf 48' lang='lat' dir='ltr'><strong>argouwe)</strong></span> <span class='ocrx_word' id='word_1_98' title='bbox 3494 1355 3530 1395; x_wconf 86' lang='lat' dir='ltr'><strong>a</strong></span> <span class='ocrx_word' id='word_1_99' title='bbox 3565 1333 3956 1408; x_wconf 77' lang='lat' dir='ltr'><strong>civitatibus</strong></span> <span class='ocrx_word' id='word_1_100' title='bbox 4005 1330 4374 1413; x_wconf 24' lang='lat' dir='ltr'><strong>exegisse.-</strong></span> 
     </span>
     <span class='ocr_line' id='line_1_11' title="bbox 1292 1426 4432 1520; baseline -0.006 -13"><span class='ocrx_word' id='word_1_101' title='bbox 1292 1445 1377 1507; x_wconf 83' lang='lat' dir='ltr'><strong>ad</strong></span> <span class='ocrx_word' id='word_1_102' title='bbox 1433 1441 1931 1507; x_wconf 72' lang='lat' dir='ltr'><strong>ostentationem</strong></span> <span class='ocrx_word' id='word_1_103' title='bbox 1953 1483 1971 1515; x_wconf 94' lang='lat'><strong>‚</strong></span> <span class='ocrx_word' id='word_1_104' title='bbox 2038 1452 2104 1501; x_wconf 88' lang='lat' dir='ltr'><strong>et</strong></span> <span class='ocrx_word' id='word_1_105' title='bbox 2158 1435 2534 1501; x_wconf 78' lang='lat' dir='ltr'><strong>incredibili</strong></span> <span class='ocrx_word' id='word_1_106' title='bbox 2584 1454 2779 1519; x_wconf 84' lang='lat' dir='ltr'><strong>saepe</strong></span> <span class='ocrx_word' id='word_1_107' title='bbox 3021 1435 3274 1497; x_wconf 83' lang='lat' dir='ltr'><strong>Eversa</strong></span> <span class='ocrx_word' id='word_1_108' title='bbox 3304 1434 3665 1520; x_wconf 75' lang='lat' dir='ltr'><strong>republica,</strong></span> <span class='ocrx_word' id='word_1_109' title='bbox 3697 1433 4023 1516; x_wconf 43' lang='lat' dir='ltr'><strong>cunnjam</strong></span> <span class='ocrx_word' id='word_1_110' title='bbox 4058 1431 4253 1492; x_wconf 87' lang='lat' dir='ltr'><strong>bella</strong></span> <span class='ocrx_word' id='word_1_111' title='bbox 4288 1426 4432 1489; x_wconf 88' lang='lat' dir='ltr'><strong>unis</strong></span> 
     </span>
     <span class='ocr_line' id='line_1_12' title="bbox 1289 1528 4433 1625; baseline -0.006 -18"><span class='ocrx_word' id='word_1_112' title='bbox 1289 1564 1571 1607; x_wconf 83' lang='lat' dir='ltr'><strong>numero</strong></span> <span class='ocrx_word' id='word_1_113' title='bbox 1609 1540 1934 1625; x_wconf 84' lang='lat' dir='ltr'><strong>praelatas</strong></span> <span class='ocrx_word' id='word_1_114' title='bbox 1993 1538 2238 1614; x_wconf 83' lang='lat' dir='ltr'><strong>fuisse,</strong></span> <span class='ocrx_word' id='word_1_115' title='bbox 2300 1536 2538 1621; x_wconf 84' lang='lat' dir='ltr'><strong>passim</strong></span> <span class='ocrx_word' id='word_1_116' title='bbox 2586 1536 2783 1599; x_wconf 89' lang='lat' dir='ltr'><strong>docet</strong></span> <span class='ocrx_word' id='word_1_117' title='bbox 2892 1534 3362 1618; x_wconf 88' lang='lat' dir='ltr'><strong>imperatorum</strong></span> <span class='ocrx_word' id='word_1_118' title='bbox 3383 1536 3686 1621; x_wconf 72' lang='lat' dir='ltr'><strong>auspiciis</strong></span> <span class='ocrx_word' id='word_1_119' title='bbox 3706 1547 4180 1620; x_wconf 79' lang='lat' dir='ltr'><strong>gererentur,</strong></span> <span class='ocrx_word' id='word_1_120' title='bbox 4216 1528 4302 1592; x_wconf 89' lang='lat' dir='ltr'><strong>ad</strong></span> <span class='ocrx_word' id='word_1_121' title='bbox 4319 1528 4433 1589; x_wconf 86' lang='lat' dir='ltr'><strong>im·</strong></span> 
     </span>
     <span class='ocr_line' id='line_1_13' title="bbox 1218 1622 4432 1728; baseline -0.006 -17"><span class='ocrx_word' id='word_1_122' title='bbox 1218 1628 1221 1633; x_wconf 30' lang='lat'>⁵</span> <span class='ocrx_word' id='word_1_123' title='bbox 1291 1646 1542 1711; x_wconf 85' lang='lat' dir='ltr'><strong>Livius.</strong></span> <span class='ocrx_word' id='word_1_124' title='bbox 1603 1646 1840 1705; x_wconf 87' lang='lat' dir='ltr'><strong>Festus</strong></span> <span class='ocrx_word' id='word_1_125' title='bbox 1877 1641 1967 1721; x_wconf 82' lang='lat'><strong>·):</strong></span> <span class='ocrx_word' id='word_1_126' title='bbox 2033 1641 2471 1728; x_wconf 72' lang='lat' dir='ltr'><strong>Triumphales</strong></span> <span class='ocrx_word' id='word_1_127' title='bbox 2510 1622 2784 1700; x_wconf 65' lang='lat' dir='ltr'><strong>coi-onae</strong></span> <span class='ocrx_word' id='word_1_128' title='bbox 2895 1648 3242 1721; x_wconf 84' lang='lat' dir='ltr'><strong>peratores</strong></span> <span class='ocrx_word' id='word_1_129' title='bbox 3296 1639 3500 1707; x_wconf 32' lang='lat' dir='ltr'><strong>etiams</strong></span> <span class='ocrx_word' id='word_1_130' title='bbox 3546 1651 3796 1701; x_wconf 76' lang='lat' dir='ltr'><strong>tantum</strong></span> <span class='ocrx_word' id='word_1_131' title='bbox 3838 1654 4163 1699; x_wconf 84' lang='lat' dir='ltr'><strong>coronae</strong></span> <span class='ocrx_word' id='word_1_132' title='bbox 4192 1647 4432 1696; x_wconf 82' lang='lat' dir='ltr'><strong>aureae</strong></span> 
     </span>
    </p>
   </div>
   <div class='ocr_carea' id='block_1_4' title="bbox 1285 1743 2787 1927">
    <p class='ocr_par' dir='ltr' id='par_1_4' title="bbox 1285 1743 2787 1927">
     <span class='ocr_line' id='line_1_14' title="bbox 1295 1743 2784 1835; baseline -0.005 -26"><span class='ocrx_word' id='word_1_133' title='bbox 1295 1758 1478 1835; x_wconf 64' lang='lat' dir='ltr'><strong>sunt,</strong></span> <span class='ocrx_word' id='word_1_134' title='bbox 1516 1765 1683 1829; x_wconf 76' lang='lat' dir='ltr'><strong>quae</strong></span> <span class='ocrx_word' id='word_1_135' title='bbox 1701 1745 2073 1823; x_wconf 83' lang='lat' dir='ltr'><strong>imperatori</strong></span> <span class='ocrx_word' id='word_1_136' title='bbox 2102 1743 2335 1801; x_wconf 83' lang='lat' dir='ltr'><strong>victori</strong></span> <span class='ocrx_word' id='word_1_137' title='bbox 2350 1758 2784 1818; x_wconf 74' lang='lat' dir='ltr'><strong>omeacprae-</strong></span> 
     </span>
     <span class='ocr_line' id='line_1_15' title="bbox 1285 1843 2787 1927; baseline -0.004 -18"><span class='ocrx_word' id='word_1_138' title='bbox 1285 1851 1619 1927; x_wconf 75' lang='lat' dir='ltr'><strong>feruntur,</strong></span> <span class='ocrx_word' id='word_1_139' title='bbox 1682 1863 1849 1927; x_wconf 78' lang='lat' dir='ltr'><strong>quae</strong></span> <span class='ocrx_word' id='word_1_140' title='bbox 1885 1844 2267 1921; x_wconf 76' lang='lat' dir='ltr'><strong>temporibus</strong></span> <span class='ocrx_word' id='word_1_141' title='bbox 2326 1843 2614 1923; x_wconf 69' lang='lat' dir='ltr'><strong>antiquis</strong></span> <span class='ocrx_word' id='word_1_142' title='bbox 2635 1860 2787 1919; x_wconf 84' lang='lat' dir='ltr'><strong>pro-</strong></span> 
     </span>
    </p>
   </div>
   <div class='ocr_carea' id='block_1_5' title="bbox 1287 1939 2838 2028">
    <p class='ocr_par' dir='ltr' id='par_1_5' title="bbox 1287 1939 2838 2028">
     <span class='ocr_line' id='line_1_16' title="bbox 1287 1939 2838 2028; baseline -0.007 -18"><span class='ocrx_word' id='word_1_143' title='bbox 1287 1959 1432 2028; x_wconf 85' lang='lat' dir='ltr'><strong>pter</strong></span> <span class='ocrx_word' id='word_1_144' title='bbox 1472 1955 1916 2026; x_wconf 74' lang='lat' dir='ltr'><strong>paupertatem</strong></span> <span class='ocrx_word' id='word_1_145' title='bbox 1966 1945 2227 2004; x_wconf 81' lang='lat' dir='ltr'><strong>laureae</strong></span> <span class='ocrx_word' id='word_1_146' title='bbox 2257 1944 2530 2021; x_wconf 75' lang='lat' dir='ltr'><strong>fuerunt</strong></span> <span class='ocrx_word' id='word_1_147' title='bbox 2543 1985 2559 2015; x_wconf 92' lang='lat'><strong><em>‚</em></strong></span> <span class='ocrx_word' id='word_1_148' title='bbox 2618 1952 2685 2001; x_wconf 87' lang='lat' dir='ltr'><strong>et</strong></span> <span class='ocrx_word' id='word_1_149' title='bbox 2715 1939 2784 2000; x_wconf 92' lang='lat' dir='ltr'><strong>in</strong></span> <span class='ocrx_word' id='word_1_150' title='bbox 2828 2007 2838 2015; x_wconf 43' lang='lat'>‚</span> 
     </span>
    </p>
   </div>
   <div class='ocr_carea' id='block_1_6' title="bbox 1293 2028 2790 3139">
    <p class='ocr_par' dir='ltr' id='par_1_6' title="bbox 1293 2028 2790 3139">
     <span class='ocr_line' id='line_1_17' title="bbox 1296 2028 2784 2121; baseline -0.005 -12"><span class='ocrx_word' id='word_1_151' title='bbox 1296 2046 1573 2110; x_wconf 86' lang='lat' dir='ltr'><strong>eandem</strong></span> <span class='ocrx_word' id='word_1_152' title='bbox 1634 2043 2022 2107; x_wconf 86' lang='lat' dir='ltr'><strong>sententiam</strong></span> <span class='ocrx_word' id='word_1_153' title='bbox 2083 2041 2339 2104; x_wconf 81' lang='lat' dir='ltr'><strong>Gellius</strong></span> <span class='ocrx_word' id='word_1_154' title='bbox 2380 2036 2474 2121; x_wconf 78' lang='lat' dir='ltr'><strong>l³).</strong></span> <span class='ocrx_word' id='word_1_155' title='bbox 2531 2028 2784 2110; x_wconf 79' lang='lat' dir='ltr'><strong>Verum</strong></span> 
     </span>
     <span class='ocr_line' id='line_1_18' title="bbox 1294 2142 2786 2224; baseline -0.005 -14"><span class='ocrx_word' id='word_1_156' title='bbox 1294 2148 1474 2210; x_wconf 85' lang='lat' dir='ltr'><strong>haud</strong></span> <span class='ocrx_word' id='word_1_157' title='bbox 1524 2144 1722 2208; x_wconf 89' lang='lat' dir='ltr'><strong>dubie</strong></span> <span class='ocrx_word' id='word_1_158' title='bbox 1765 2144 2219 2224; x_wconf 83' lang='lat' dir='ltr'><strong>distinguenda</strong></span> <span class='ocrx_word' id='word_1_159' title='bbox 2276 2142 2468 2205; x_wconf 84' lang='lat' dir='ltr'><strong>fuere</strong></span> <span class='ocrx_word' id='word_1_160' title='bbox 2514 2155 2581 2204; x_wconf 87' lang='lat' dir='ltr'><strong>et</strong></span> <span class='ocrx_word' id='word_1_161' title='bbox 2622 2155 2786 2204; x_wconf 87' lang='lat' dir='ltr'><strong>tem-</strong></span> 
     </span>
     <span class='ocr_line' id='line_1_19' title="bbox 1293 2244 2783 2337; baseline -0.006 -26"><span class='ocrx_word' id='word_1_162' title='bbox 1293 2269 1492 2331; x_wconf 87' lang='lat' dir='ltr'><strong>pora,</strong></span> <span class='ocrx_word' id='word_1_163' title='bbox 1539 2262 1606 2310; x_wconf 90' lang='lat' dir='ltr'><strong>et</strong></span> <span class='ocrx_word' id='word_1_164' title='bbox 1642 2247 1896 2337; x_wconf 87' lang='lat' dir='ltr'><strong>populi.</strong></span> <span class='ocrx_word' id='word_1_165' title='bbox 1970 2248 2303 2308; x_wconf 85' lang='lat' dir='ltr'><strong>Romanos</strong></span> <span class='ocrx_word' id='word_1_166' title='bbox 2350 2244 2606 2327; x_wconf 83' lang='lat' dir='ltr'><strong>integra</strong></span> <span class='ocrx_word' id='word_1_167' title='bbox 2641 2262 2783 2326; x_wconf 87' lang='lat' dir='ltr'><strong>rep.</strong></span> 
     </span>
     <span class='ocr_line' id='line_1_20' title="bbox 1295 2345 2786 2435; baseline -0.003 -25"><span class='ocrx_word' id='word_1_168' title='bbox 1295 2347 1886 2431; x_wconf 84' lang='lat' dir='ltr'><strong>triumphatoribus</strong></span> <span class='ocrx_word' id='word_1_169' title='bbox 1954 2346 2086 2408; x_wconf 89' lang='lat' dir='ltr'><strong>suis</strong></span> <span class='ocrx_word' id='word_1_170' title='bbox 2143 2347 2213 2406; x_wconf 93' lang='lat' dir='ltr'><strong>in</strong></span> <span class='ocrx_word' id='word_1_171' title='bbox 2275 2345 2536 2408; x_wconf 76' lang='lat' dir='ltr'><strong>virtutis</strong></span> <span class='ocrx_word' id='word_1_172' title='bbox 2598 2362 2786 2435; x_wconf 74' lang='lat' dir='ltr'><strong>prae-</strong></span> 
     </span>
     <span class='ocr_line' id='line_1_21' title="bbox 1293 2447 2780 2519; baseline -0.003 -7"><span class='ocrx_word' id='word_1_173' title='bbox 1293 2450 1502 2512; x_wconf 84' lang='lat' dir='ltr'><strong>mium</strong></span> <span class='ocrx_word' id='word_1_174' title='bbox 1555 2447 1871 2510; x_wconf 85' lang='lat' dir='ltr'><strong>obtulisse</strong></span> <span class='ocrx_word' id='word_1_175' title='bbox 1903 2448 2161 2512; x_wconf 80' lang='lat' dir='ltr'><strong>laureas</strong></span> <span class='ocrx_word' id='word_1_176' title='bbox 2191 2468 2273 2510; x_wconf 88' lang='lat' dir='ltr'><strong>ex</strong></span> <span class='ocrx_word' id='word_1_177' title='bbox 2306 2459 2538 2511; x_wconf 78' lang='lat' dir='ltr'><strong>vetere</strong></span> <span class='ocrx_word' id='word_1_178' title='bbox 2573 2464 2780 2519; x_wconf 88' lang='lat' dir='ltr'><strong>more,</strong></span> 
     </span>
     <span class='ocr_line' id='line_1_22' title="bbox 1298 2545 2790 2634; baseline -0.004 -22"><span class='ocrx_word' id='word_1_179' title='bbox 1298 2549 1500 2612; x_wconf 84' lang='lat' dir='ltr'><strong>facile</strong></span> <span class='ocrx_word' id='word_1_180' title='bbox 1558 2549 1993 2631; x_wconf 85' lang='lat' dir='ltr'><strong>crediderim3</strong></span> <span class='ocrx_word' id='word_1_181' title='bbox 2059 2564 2124 2613; x_wconf 85' lang='lat' dir='ltr'><strong>at</strong></span> <span class='ocrx_word' id='word_1_182' title='bbox 2182 2562 2413 2632; x_wconf 86' lang='lat' dir='ltr'><strong>postea</strong></span> <span class='ocrx_word' id='word_1_183' title='bbox 2472 2568 2664 2634; x_wconf 87' lang='lat' dir='ltr'><strong>quam</strong></span> <span class='ocrx_word' id='word_1_184' title='bbox 2717 2545 2790 2606; x_wconf 88' lang='lat' dir='ltr'><strong>hi</strong></span> 
     </span>
     <span class='ocr_line' id='line_1_23' title="bbox 1294 2650 2784 2735; baseline -0.004 -21"><span class='ocrx_word' id='word_1_185' title='bbox 1294 2651 1475 2714; x_wconf 87' lang='lat' dir='ltr'><strong>bella</strong></span> <span class='ocrx_word' id='word_1_186' title='bbox 1555 2650 1977 2714; x_wconf 86' lang='lat' dir='ltr'><strong>ultramarina</strong></span> <span class='ocrx_word' id='word_1_187' title='bbox 2062 2670 2298 2735; x_wconf 82' lang='lat' dir='ltr'><strong>gerere</strong></span> <span class='ocrx_word' id='word_1_188' title='bbox 2384 2658 2784 2731; x_wconf 79' lang='lat' dir='ltr'><strong>coeperunt,</strong></span> 
     </span>
     <span class='ocr_line' id='line_1_24' title="bbox 1299 2745 2786 2835; baseline -0.004 -21"><span class='ocrx_word' id='word_1_189' title='bbox 1299 2751 1586 2814; x_wconf 84' lang='lat' dir='ltr'><strong>dubitari</strong></span> <span class='ocrx_word' id='word_1_190' title='bbox 1655 2752 1918 2835; x_wconf 88' lang='lat' dir='ltr'><strong>nequit,</strong></span> <span class='ocrx_word' id='word_1_191' title='bbox 1994 2751 2289 2815; x_wconf 80' lang='lat' dir='ltr'><strong>civitates</strong></span> <span class='ocrx_word' id='word_1_192' title='bbox 2347 2751 2632 2812; x_wconf 80' lang='lat' dir='ltr'><strong>Graecas</strong></span> <span class='ocrx_word' id='word_1_193' title='bbox 2694 2745 2786 2811; x_wconf 84' lang='lat' dir='ltr'><strong>vi·</strong></span> 
     </span>
     <span class='ocr_line' id='line_1_25' title="bbox 1299 2849 2785 2945; baseline -0.006 -27"><span class='ocrx_word' id='word_1_194' title='bbox 1299 2853 1594 2945; x_wconf 78' lang='lat' dir='ltr'><strong>etoribus</strong></span> <span class='ocrx_word' id='word_1_195' title='bbox 1630 2852 1773 2935; x_wconf 87' lang='lat' dir='ltr'><strong>ejus</strong></span> <span class='ocrx_word' id='word_1_196' title='bbox 1809 2851 2070 2937; x_wconf 87' lang='lat' dir='ltr'><strong>generis</strong></span> <span class='ocrx_word' id='word_1_197' title='bbox 2110 2849 2446 2913; x_wconf 80' lang='lat' dir='ltr'><strong>dedicasse</strong></span> <span class='ocrx_word' id='word_1_198' title='bbox 2488 2868 2785 2924; x_wconf 86' lang='lat' dir='ltr'><strong>coron-as,</strong></span> 
     </span>
     <span class='ocr_line' id='line_1_26' title="bbox 1302 2952 2789 3042; baseline -0.005 -22"><span class='ocrx_word' id='word_1_199' title='bbox 1302 2952 1489 3036; x_wconf 87' lang='lat' dir='ltr'><strong>cujus</strong></span> <span class='ocrx_word' id='word_1_200' title='bbox 1529 2953 1720 3017; x_wconf 84' lang='lat' dir='ltr'><strong>fuere</strong></span> <span class='ocrx_word' id='word_1_201' title='bbox 1764 2953 1953 3030; x_wconf 83' lang='lat' dir='ltr'><strong>illae,</strong></span> <span class='ocrx_word' id='word_1_202' title='bbox 2014 2974 2174 3037; x_wconf 84' lang='lat' dir='ltr'><strong>quas</strong></span> <span class='ocrx_word' id='word_1_203' title='bbox 2231 2964 2558 3042; x_wconf 53' lang='lat' dir='ltr'><strong>pes-petuo</strong></span> <span class='ocrx_word' id='word_1_204' title='bbox 2600 2971 2789 3014; x_wconf 82' lang='lat' dir='ltr'><strong>more</strong></span> 
     </span>
     <span class='ocr_line' id='line_1_27' title="bbox 1298 3052 2790 3139; baseline -0.005 -19"><span class='ocrx_word' id='word_1_205' title='bbox 1298 3054 1683 3120; x_wconf 77' lang='lat' dir='ltr'><strong>Alexandro</strong></span> <span class='ocrx_word' id='word_1_206' title='bbox 1707 3058 1797 3116; x_wconf 76' lang='lat' dir='ltr'><strong>M.</strong></span> <span class='ocrx_word' id='word_1_207' title='bbox 1820 3099 1837 3130; x_wconf 94' lang='lat'><strong>,</strong></span> <span class='ocrx_word' id='word_1_208' title='bbox 1876 3054 2148 3139; x_wconf 86' lang='lat' dir='ltr'><strong>ejusque</strong></span> <span class='ocrx_word' id='word_1_209' title='bbox 2165 3052 2657 3117; x_wconf 86' lang='lat' dir='ltr'><strong>successoribus</strong></span> <span class='ocrx_word' id='word_1_210' title='bbox 2679 3052 2790 3114; x_wconf 84' lang='lat' dir='ltr'><strong>de·</strong></span> 
     </span>
    </p>
   </div>
   <div class='ocr_carea' id='block_1_7' title="bbox 1302 3141 2814 3231">
    <p class='ocr_par' dir='ltr' id='par_1_7' title="bbox 1302 3141 2814 3231">
     <span class='ocr_line' id='line_1_28' title="bbox 1302 3141 2814 3231; baseline -0.003 -12"><span class='ocrx_word' id='word_1_211' title='bbox 1302 3157 1527 3220; x_wconf 83' lang='lat' dir='ltr'><strong>dicare</strong></span> <span class='ocrx_word' id='word_1_212' title='bbox 1614 3168 2136 3231; x_wconf 80' lang='lat' dir='ltr'><strong>consueverunt,</strong></span> <span class='ocrx_word' id='word_1_213' title='bbox 2205 3175 2435 3218; x_wconf 86' lang='lat' dir='ltr'><strong>aureas</strong></span> <span class='ocrx_word' id='word_1_214' title='bbox 2512 3141 2814 3215; x_wconf 47' lang='lat' dir='ltr'><strong>scilicet(</strong></span> 
     </span>
    </p>
   </div>
   <div class='ocr_carea' id='block_1_8' title="bbox 1250 3252 2795 4450">
    <p class='ocr_par' dir='ltr' id='par_1_8' title="bbox 1250 3252 2795 4450">
     <span class='ocr_line' id='line_1_29' title="bbox 1303 3252 2791 3339; baseline -0.007 -15"><span class='ocrx_word' id='word_1_215' title='bbox 1303 3259 1443 3324; x_wconf 83' lang='lat' dir='ltr'><strong>Sed</strong></span> <span class='ocrx_word' id='word_1_216' title='bbox 1480 3253 1646 3321; x_wconf 88' lang='lat' dir='ltr'><strong>haec</strong></span> <span class='ocrx_word' id='word_1_217' title='bbox 1690 3256 2086 3339; x_wconf 84' lang='lat' dir='ltr'><strong>populorum</strong></span> <span class='ocrx_word' id='word_1_218' title='bbox 2117 3271 2538 3318; x_wconf 83' lang='lat' dir='ltr'><strong>externorum</strong></span> <span class='ocrx_word' id='word_1_219' title='bbox 2579 3252 2791 3317; x_wconf 79' lang='lat' dir='ltr'><strong>studia</strong></span> 
     </span>
     <span class='ocr_line' id='line_1_30' title="bbox 1303 3357 2793 3445; baseline -0.005 -22"><span class='ocrx_word' id='word_1_220' title='bbox 1303 3359 1644 3445; x_wconf 86' lang='lat' dir='ltr'><strong>paullatim</strong></span> <span class='ocrx_word' id='word_1_221' title='bbox 1683 3357 1921 3420; x_wconf 83' lang='lat' dir='ltr'><strong>ducum</strong></span> <span class='ocrx_word' id='word_1_222' title='bbox 1964 3363 2043 3421; x_wconf 80' lang='lat' dir='ltr'><strong>R.</strong></span> <span class='ocrx_word' id='word_1_223' title='bbox 2097 3359 2520 3441; x_wconf 80' lang='lat' dir='ltr'><strong>cupiditatem</strong></span> <span class='ocrx_word' id='word_1_224' title='bbox 2562 3375 2793 3420; x_wconf 85' lang='lat' dir='ltr'><strong>accen·</strong></span> 
     </span>
     <span class='ocr_line' id='line_1_31' title="bbox 1308 3456 2793 3536; baseline -0.005 -13"><span class='ocrx_word' id='word_1_225' title='bbox 1308 3459 1583 3536; x_wconf 84' lang='lat' dir='ltr'><strong>derunt,</strong></span> <span class='ocrx_word' id='word_1_226' title='bbox 1641 3460 1734 3523; x_wconf 91' lang='lat' dir='ltr'><strong>sic</strong></span> <span class='ocrx_word' id='word_1_227' title='bbox 1785 3472 1857 3521; x_wconf 83' lang='lat' dir='ltr'><strong>ut</strong></span> <span class='ocrx_word' id='word_1_228' title='bbox 1890 3460 2084 3522; x_wconf 84' lang='lat' dir='ltr'><strong>etiam</strong></span> <span class='ocrx_word' id='word_1_229' title='bbox 2114 3473 2261 3521; x_wconf 88' lang='lat' dir='ltr'><strong>ante</strong></span> <span class='ocrx_word' id='word_1_230' title='bbox 2298 3458 2640 3521; x_wconf 88' lang='lat' dir='ltr'><strong>decretum</strong></span> <span class='ocrx_word' id='word_1_231' title='bbox 2678 3456 2793 3517; x_wconf 86' lang='lat' dir='ltr'><strong>tri-</strong></span> 
     </span>
     <span class='ocr_line' id='line_1_32' title="bbox 1250 3557 2790 3646; baseline -0.003 -24"><span class='ocrx_word' id='word_1_232' title='bbox 1250 3591 1268 3606; x_wconf 58' lang='grc' dir='ltr'><em>ν</em></span> <span class='ocrx_word' id='word_1_233' title='bbox 1292 3561 1620 3646; x_wconf 55' lang='grc' dir='ltr'><strong>,ιιιιιΡΙιιιηι</strong></span> <span class='ocrx_word' id='word_1_234' title='bbox 1678 3577 1955 3622; x_wconf 83' lang='lat' dir='ltr'><strong>coronas</strong></span> <span class='ocrx_word' id='word_1_235' title='bbox 2021 3580 2252 3622; x_wconf 87' lang='lat' dir='ltr'><strong>aureas</strong></span> <span class='ocrx_word' id='word_1_236' title='bbox 2309 3580 2347 3620; x_wconf 85' lang='lat' dir='ltr'><strong>a</strong></span> <span class='ocrx_word' id='word_1_237' title='bbox 2422 3557 2790 3621; x_wconf 84' lang='lat' dir='ltr'><strong>civitatibus</strong></span> 
     </span>
     <span class='ocr_line' id='line_1_33' title="bbox 1308 3659 2789 3744; baseline -0.001 -21"><span class='ocrx_word' id='word_1_238' title='bbox 1308 3675 1730 3744; x_wconf 81' lang='lat' dir='ltr'><strong>expeterent3</strong></span> <span class='ocrx_word' id='word_1_239' title='bbox 1814 3681 2007 3744; x_wconf 88' lang='lat' dir='ltr'><strong>quam</strong></span> <span class='ocrx_word' id='word_1_240' title='bbox 2094 3660 2360 3744; x_wconf 87' lang='lat' dir='ltr'><strong>quidem</strong></span> <span class='ocrx_word' id='word_1_241' title='bbox 2453 3659 2789 3722; x_wconf 83' lang='lat' dir='ltr'><strong>avaritiem</strong></span> 
     </span>
     <span class='ocr_line' id='line_1_34' title="bbox 1303 3761 2793 3848; baseline -0.001 -24"><span class='ocrx_word' id='word_1_242' title='bbox 1303 3763 1458 3848; x_wconf 86' lang='lat' dir='ltr'><strong>lege</strong></span> <span class='ocrx_word' id='word_1_243' title='bbox 1504 3763 1633 3826; x_wconf 82' lang='lat' dir='ltr'><strong>lata</strong></span> <span class='ocrx_word' id='word_1_244' title='bbox 1691 3761 2123 3825; x_wconf 88' lang='lat' dir='ltr'><strong>coercendam</strong></span> <span class='ocrx_word' id='word_1_245' title='bbox 2157 3763 2411 3825; x_wconf 86' lang='lat' dir='ltr'><strong>censuit</strong></span> <span class='ocrx_word' id='word_1_246' title='bbox 2455 3764 2504 3825; x_wconf 88' lang='lat' dir='ltr'><strong>l.</strong></span> <span class='ocrx_word' id='word_1_247' title='bbox 2553 3762 2793 3824; x_wconf 88' lang='lat' dir='ltr'><strong>Caesar</strong></span> 
     </span>
     <span class='ocr_line' id='line_1_35' title="bbox 1309 3862 2791 3948; baseline -0.001 -20"><span class='ocrx_word' id='word_1_248' title='bbox 1309 3879 1479 3930; x_wconf 85' lang='lat' dir='ltr'><strong>teste</strong></span> <span class='ocrx_word' id='word_1_249' title='bbox 1514 3864 1657 3948; x_wconf 88' lang='lat' dir='ltr'><strong>ipso</strong></span> <span class='ocrx_word' id='word_1_250' title='bbox 1674 3864 1992 3926; x_wconf 84' lang='lat' dir='ltr'><strong>Cicerone</strong></span> <span class='ocrx_word' id='word_1_251' title='bbox 2013 3862 2116 3924; x_wconf 88' lang='lat' dir='ltr'><strong>his</strong></span> <span class='ocrx_word' id='word_1_252' title='bbox 2134 3862 2360 3926; x_wconf 75' lang='lat' dir='ltr'><strong>verbis</strong></span> <span class='ocrx_word' id='word_1_253' title='bbox 2386 3863 2464 3924; x_wconf 82' lang='lat' dir='ltr'><strong>L.</strong></span> <span class='ocrx_word' id='word_1_254' title='bbox 2480 3864 2791 3927; x_wconf 86' lang='lat' dir='ltr'><strong>Pisonem</strong></span> 
     </span>
     <span class='ocr_line' id='line_1_36' title="bbox 1306 3966 2790 4050; baseline -0.002 -21"><span class='ocrx_word' id='word_1_255' title='bbox 1306 3966 1793 4050; x_wconf 72' lang='lat' dir='ltr'><strong>perstringente</strong></span> <span class='ocrx_word' id='word_1_256' title='bbox 1816 3971 1870 4044; x_wconf 80' lang='lat' dir='ltr'><strong>e)</strong></span> <span class='ocrx_word' id='word_1_257' title='bbox 1888 3987 1904 4028; x_wconf 71' lang='grc' dir='ltr'><strong><em>ε</em></strong></span> <span class='ocrx_word' id='word_1_258' title='bbox 1923 3970 2108 4028; x_wconf 79' lang='lat' dir='ltr'><strong>Mitto</strong></span> <span class='ocrx_word' id='word_1_259' title='bbox 2124 3987 2355 4027; x_wconf 78' lang='lat' dir='ltr'><strong>aurum</strong></span> <span class='ocrx_word' id='word_1_260' title='bbox 2364 3968 2790 4040; x_wconf 73' lang='lat' dir='ltr'><strong>coronarium,</strong></span> 
     </span>
     <span class='ocr_line' id='line_1_37' title="bbox 1309 4070 2792 4149; baseline -0.003 -19"><span class='ocrx_word' id='word_1_261' title='bbox 1309 4073 1487 4149; x_wconf 77' lang='lat' dir='ltr'><strong>quod</strong></span> <span class='ocrx_word' id='word_1_262' title='bbox 1495 4079 1556 4131; x_wconf 82' lang='lat' dir='ltr'><strong>tc</strong></span> <span class='ocrx_word' id='word_1_263' title='bbox 1571 4072 1934 4131; x_wconf 72' lang='lat' dir='ltr'><strong>diutissime</strong></span> <span class='ocrx_word' id='word_1_264' title='bbox 1946 4071 2106 4130; x_wconf 78' lang='lat' dir='ltr'><strong>torsi</strong></span> <span class='ocrx_word' id='word_1_265' title='bbox 2108 4078 2137 4129; x_wconf 90' lang='lat' dir='ltr'><strong>t</strong></span> <span class='ocrx_word' id='word_1_266' title='bbox 2152 4113 2169 4144; x_wconf 94' lang='lat'><strong>,</strong></span> <span class='ocrx_word' id='word_1_267' title='bbox 2201 4088 2344 4129; x_wconf 76' lang='lat' dir='ltr'><strong>cum</strong></span> <span class='ocrx_word' id='word_1_268' title='bbox 2359 4072 2546 4130; x_wconf 76' lang='lat' dir='ltr'><strong>modo</strong></span> <span class='ocrx_word' id='word_1_269' title='bbox 2579 4070 2792 4141; x_wconf 76' lang='lat' dir='ltr'><strong>velles,</strong></span> 
     </span>
     <span class='ocr_line' id='line_1_38' title="bbox 1301 4154 2794 4249; baseline -0.003 -17"><span class='ocrx_word' id='word_1_270' title='bbox 1301 4175 1489 4232; x_wconf 78' lang='lat' dir='ltr'><strong>modo</strong></span> <span class='ocrx_word' id='word_1_271' title='bbox 1509 4173 1711 4232; x_wconf 74' lang='lat' dir='ltr'><strong>nolles</strong></span> <span class='ocrx_word' id='word_1_272' title='bbox 1717 4192 1748 4244; x_wconf 90' lang='lat'><em>;</em></span> <span class='ocrx_word' id='word_1_273' title='bbox 1787 4173 1895 4230; x_wconf 77' lang='lat' dir='ltr'><strong>lca.-</strong></span> <span class='ocrx_word' id='word_1_274' title='bbox 1920 4154 2091 4232; x_wconf 67' lang='lat' dir='ltr'><strong>cn&#39;im</strong></span> <span class='ocrx_word' id='word_1_275' title='bbox 2114 4172 2340 4249; x_wconf 73' lang='lat' dir='ltr'><strong>ymeri</strong></span> <span class='ocrx_word' id='word_1_276' title='bbox 2356 4172 2456 4230; x_wconf 78' lang='lat' dir='ltr'><strong>tui</strong></span> <span class='ocrx_word' id='word_1_277' title='bbox 2490 4179 2555 4229; x_wconf 85' lang='lat' dir='ltr'><strong>ct</strong></span> <span class='ocrx_word' id='word_1_278' title='bbox 2583 4172 2794 4229; x_wconf 83' lang='lat' dir='ltr'><strong>decer·</strong></span> 
     </span>
     <span class='ocr_line' id='line_1_39' title="bbox 1309 4271 2795 4347; baseline -0.001 -16"><span class='ocrx_word' id='word_1_279' title='bbox 1309 4274 1383 4331; x_wconf 80' lang='lat' dir='ltr'><strong>ni</strong></span> <span class='ocrx_word' id='word_1_280' title='bbox 1395 4314 1412 4344; x_wconf 94' lang='lat'>‚</span> <span class='ocrx_word' id='word_1_281' title='bbox 1447 4280 1514 4331; x_wconf 86' lang='lat' dir='ltr'><strong>et</strong></span> <span class='ocrx_word' id='word_1_282' title='bbox 1542 4280 1603 4330; x_wconf 86' lang='lat' dir='ltr'><strong>te</strong></span> <span class='ocrx_word' id='word_1_283' title='bbox 1637 4273 1923 4347; x_wconf 80' lang='lat' dir='ltr'><strong>accipere</strong></span> <span class='ocrx_word' id='word_1_284' title='bbox 1940 4274 2230 4345; x_wconf 80' lang='lat' dir='ltr'><strong>vetabat,</strong></span> <span class='ocrx_word' id='word_1_285' title='bbox 2264 4272 2399 4330; x_wconf 77' lang='lat' dir='ltr'><strong>nisi</strong></span> <span class='ocrx_word' id='word_1_286' title='bbox 2408 4274 2656 4330; x_wconf 79' lang='lat' dir='ltr'><strong>decreto</strong></span> <span class='ocrx_word' id='word_1_287' title='bbox 2682 4271 2795 4329; x_wconf 74' lang='lat' dir='ltr'><strong>tti-</strong></span> 
     </span>
     <span class='ocr_line' id='line_1_40' title="bbox 1308 4368 2793 4450; baseline -0.001 -18"><span class='ocrx_word' id='word_1_288' title='bbox 1308 4373 1554 4450; x_wconf 75' lang='lat' dir='ltr'><strong>umpho.</strong></span> <span class='ocrx_word' id='word_1_289' title='bbox 1627 4369 1714 4430; x_wconf 84' lang='lat' dir='ltr'><strong>At</strong></span> <span class='ocrx_word' id='word_1_290' title='bbox 1756 4389 1985 4450; x_wconf 89' lang='lat' dir='ltr'><strong>parum</strong></span> <span class='ocrx_word' id='word_1_291' title='bbox 2028 4368 2231 4431; x_wconf 78' lang='lat' dir='ltr'><strong>valuit</strong></span> <span class='ocrx_word' id='word_1_292' title='bbox 2274 4369 2414 4431; x_wconf 83' lang='lat' dir='ltr'><strong>sive</strong></span> <span class='ocrx_word' id='word_1_293' title='bbox 2462 4369 2607 4445; x_wconf 83' lang='lat' dir='ltr'><strong>lex,</strong></span> <span class='ocrx_word' id='word_1_294' title='bbox 2651 4370 2793 4434; x_wconf 82' lang='lat' dir='ltr'><strong>sive</strong></span> 
     </span>
    </p>
   </div>
   <div class='ocr_carea' id='block_1_9' title="bbox 2892 1738 4464 4455">
    <p class='ocr_par' dir='ltr' id='par_1_9' title="bbox 2892 1738 4464 4455">
     <span class='ocr_line' id='line_1_41' title="bbox 2895 1738 4428 1823; baseline -0.006 -22"><span class='ocrx_word' id='word_1_295' title='bbox 2895 1739 3300 1823; x_wconf 84' lang='lat' dir='ltr'><strong>pertinuere,</strong></span> <span class='ocrx_word' id='word_1_296' title='bbox 3318 1759 3496 1822; x_wconf 70' lang='lat' dir='ltr'><strong>quas</strong></span> <span class='ocrx_word' id='word_1_297' title='bbox 3535 1738 3668 1800; x_wconf 80' lang='lat' dir='ltr'><strong>illis</strong></span> <span class='ocrx_word' id='word_1_298' title='bbox 3692 1738 4101 1821; x_wconf 80' lang='lat' dir='ltr'><strong>provinciae</strong></span> <span class='ocrx_word' id='word_1_299' title='bbox 4130 1747 4296 1820; x_wconf 88' lang='lat' dir='ltr'><strong>post</strong></span> <span class='ocrx_word' id='word_1_300' title='bbox 4325 1750 4428 1793; x_wconf 86' lang='lat' dir='ltr'><strong>re·</strong></span> 
     </span>
     <span class='ocr_line' id='line_1_42' title="bbox 2897 1837 4428 1924; baseline 0.003 -25"><span class='ocrx_word' id='word_1_301' title='bbox 2897 1839 3095 1902; x_wconf 82' lang='lat' dir='ltr'><strong>latam</strong></span> <span class='ocrx_word' id='word_1_302' title='bbox 3132 1838 3564 1901; x_wconf 82' lang='lat' dir='ltr'><strong>illustriorem</strong></span> <span class='ocrx_word' id='word_1_303' title='bbox 3592 1839 3939 1903; x_wconf 75' lang='lat' dir='ltr'><strong>victoriam</strong></span> <span class='ocrx_word' id='word_1_304' title='bbox 3961 1885 3980 1915; x_wconf 91' lang='lat'><strong>,</strong></span> <span class='ocrx_word' id='word_1_305' title='bbox 4021 1860 4114 1901; x_wconf 86' lang='lat' dir='ltr'><strong>ex</strong></span> <span class='ocrx_word' id='word_1_306' title='bbox 4150 1862 4284 1924; x_wconf 89' lang='lat' dir='ltr'><strong>qua</strong></span> <span class='ocrx_word' id='word_1_307' title='bbox 4313 1837 4428 1903; x_wconf 82' lang='lat' dir='ltr'><strong>im·</strong></span> 
     </span>
     <span class='ocr_line' id='line_1_43' title="bbox 2897 1936 4425 2025; baseline -0.001 -22"><span class='ocrx_word' id='word_1_308' title='bbox 2897 1941 3223 2025; x_wconf 86' lang='lat' dir='ltr'><strong>peratoris</strong></span> <span class='ocrx_word' id='word_1_309' title='bbox 3278 1936 3536 2002; x_wconf 88' lang='lat' dir='ltr'><strong>titulum</strong></span> <span class='ocrx_word' id='word_1_310' title='bbox 3584 1939 4140 2024; x_wconf 79' lang='lat' dir='ltr'><strong>multiplicavere</strong></span> <span class='ocrx_word' id='word_1_311' title='bbox 4165 1985 4183 2016; x_wconf 92' lang='lat'><strong>,</strong></span> <span class='ocrx_word' id='word_1_312' title='bbox 4252 1940 4425 2009; x_wconf 80' lang='lat' dir='ltr'><strong>dono</strong></span> 
     </span>
     <span class='ocr_line' id='line_1_44' title="bbox 2898 2025 4427 2126; baseline -0.001 -23"><span class='ocrx_word' id='word_1_313' title='bbox 2898 2043 3237 2105; x_wconf 83' lang='lat' dir='ltr'><strong>miserunt.</strong></span> <span class='ocrx_word' id='word_1_314' title='bbox 3281 2039 3629 2103; x_wconf 82' lang='lat' dir='ltr'><strong>Paullatim</strong></span> <span class='ocrx_word' id='word_1_315' title='bbox 3666 2042 3833 2104; x_wconf 85' lang='lat' dir='ltr'><strong>aliae</strong></span> <span class='ocrx_word' id='word_1_316' title='bbox 3862 2025 4163 2126; x_wconf 81' lang='lat' dir='ltr'><strong>quo&#39;que</strong></span> <span class='ocrx_word' id='word_1_317' title='bbox 4189 2059 4427 2105; x_wconf 82' lang='lat' dir='ltr'><strong>causae</strong></span> 
     </span>
     <span class='ocr_line' id='line_1_45' title="bbox 2899 2134 4424 2227; baseline -0.003 -19"><span class='ocrx_word' id='word_1_318' title='bbox 2899 2162 3280 2220; x_wconf 82' lang='lat' dir='ltr'><strong>accessere,</strong></span> <span class='ocrx_word' id='word_1_319' title='bbox 3336 2155 3410 2204; x_wconf 89' lang='lat' dir='ltr'><strong>ut</strong></span> <span class='ocrx_word' id='word_1_320' title='bbox 3453 2141 3663 2205; x_wconf 86' lang='lat' dir='ltr'><strong>aditus</strong></span> <span class='ocrx_word' id='word_1_321' title='bbox 3708 2141 3790 2207; x_wconf 78' lang='lat' dir='ltr'><strong>sd</strong></span> <span class='ocrx_word' id='word_1_322' title='bbox 3832 2134 4251 2227; x_wconf 73' lang='lat' dir='ltr'><strong>imperium,</strong></span> <span class='ocrx_word' id='word_1_323' title='bbox 4297 2141 4424 2206; x_wconf 54' lang='lat' dir='ltr'><strong>sel</strong></span> 
     </span>
     <span class='ocr_line' id='line_1_46' title="bbox 2897 2242 4422 2331; baseline -0.003 -22"><span class='ocrx_word' id='word_1_324' title='bbox 2897 2243 3346 2331; x_wconf 82' lang='lat' dir='ltr'><strong>pontificatum</strong></span> <span class='ocrx_word' id='word_1_325' title='bbox 3427 2242 3819 2317; x_wconf 82' lang='lat' dir='ltr'><strong>maximum,</strong></span> <span class='ocrx_word' id='word_1_326' title='bbox 3883 2243 4287 2329; x_wconf 82' lang='lat' dir='ltr'><strong>adoptatio,</strong></span> <span class='ocrx_word' id='word_1_327' title='bbox 4347 2248 4422 2305; x_wconf 79' lang='lat' dir='ltr'><strong>ae</strong></span> 
     </span>
     <span class='ocr_line' id='line_1_47' title="bbox 2899 2343 4421 2428; baseline -0.003 -18"><span class='ocrx_word' id='word_1_328' title='bbox 2899 2347 3135 2410; x_wconf 86' lang='lat' dir='ltr'><strong>similia</strong></span> <span class='ocrx_word' id='word_1_329' title='bbox 3168 2343 3450 2428; x_wconf 87' lang='lat' dir='ltr'><strong>principi</strong></span> <span class='ocrx_word' id='word_1_330' title='bbox 3488 2345 3679 2407; x_wconf 82' lang='lat' dir='ltr'><strong>laeta.</strong></span> <span class='ocrx_word' id='word_1_331' title='bbox 3740 2344 3895 2408; x_wconf 86' lang='lat' dir='ltr'><strong>Fuit</strong></span> <span class='ocrx_word' id='word_1_332' title='bbox 3939 2367 4124 2409; x_wconf 81' lang='lat' dir='ltr'><strong>vero</strong></span> <span class='ocrx_word' id='word_1_333' title='bbox 4173 2346 4421 2411; x_wconf 72' lang='lat' dir='ltr'><strong>donum</strong></span> 
     </span>
     <span class='ocr_line' id='line_1_48' title="bbox 2898 2445 4423 2532; baseline -0.003 -21"><span class='ocrx_word' id='word_1_334' title='bbox 2898 2449 3073 2532; x_wconf 77' lang='lat' dir='ltr'><strong>istud</strong></span> <span class='ocrx_word' id='word_1_335' title='bbox 3107 2446 3232 2508; x_wconf 85' lang='lat' dir='ltr'><strong>sub</strong></span> <span class='ocrx_word' id='word_1_336' title='bbox 3255 2445 3764 2529; x_wconf 84' lang='lat' dir='ltr'><strong>imperatoribus</strong></span> <span class='ocrx_word' id='word_1_337' title='bbox 3782 2446 3924 2530; x_wconf 78' lang='lat' dir='ltr'><strong>ejus</strong></span> <span class='ocrx_word' id='word_1_338' title='bbox 3956 2460 4293 2523; x_wconf 80' lang='lat' dir='ltr'><strong>naturae,</strong></span> <span class='ocrx_word' id='word_1_339' title='bbox 4350 2455 4423 2507; x_wconf 79' lang='lat' dir='ltr'><strong>ut</strong></span> 
     </span>
     <span class='ocr_line' id='line_1_49' title="bbox 2897 2545 4419 2634; baseline -0.001 -23"><span class='ocrx_word' id='word_1_340' title='bbox 2897 2548 3210 2634; x_wconf 88' lang='lat' dir='ltr'><strong>imperari</strong></span> <span class='ocrx_word' id='word_1_341' title='bbox 3273 2547 3466 2608; x_wconf 87' lang='lat' dir='ltr'><strong>etiam</strong></span> <span class='ocrx_word' id='word_1_342' title='bbox 3546 2561 3808 2631; x_wconf 88' lang='lat' dir='ltr'><strong>posset,</strong></span> <span class='ocrx_word' id='word_1_343' title='bbox 3874 2561 3941 2610; x_wconf 89' lang='lat' dir='ltr'><strong>et</strong></span> <span class='ocrx_word' id='word_1_344' title='bbox 3992 2571 4034 2611; x_wconf 92' lang='lat' dir='ltr'><strong>a</strong></span> <span class='ocrx_word' id='word_1_345' title='bbox 4085 2569 4262 2613; x_wconf 74' lang='lat' dir='ltr'><strong>vero</strong></span> <span class='ocrx_word' id='word_1_346' title='bbox 4308 2545 4419 2609; x_wconf 83' lang='lat' dir='ltr'><strong>tri-</strong></span> 
     </span>
     <span class='ocr_line' id='line_1_50' title="bbox 2898 2647 4416 2723; baseline -0.005 -8"><span class='ocrx_word' id='word_1_347' title='bbox 2898 2651 3058 2714; x_wconf 90' lang='lat' dir='ltr'><strong>buto</strong></span> <span class='ocrx_word' id='word_1_348' title='bbox 3101 2649 3360 2713; x_wconf 89' lang='lat' dir='ltr'><strong>nonnisi</strong></span> <span class='ocrx_word' id='word_1_349' title='bbox 3399 2648 3661 2711; x_wconf 90' lang='lat' dir='ltr'><strong>mitiore</strong></span> <span class='ocrx_word' id='word_1_350' title='bbox 3700 2648 4030 2723; x_wconf 79' lang='lat' dir='ltr'><strong>vocabulo</strong></span> <span class='ocrx_word' id='word_1_351' title='bbox 4077 2647 4416 2723; x_wconf 73' lang='lat' dir='ltr'><strong>differret,</strong></span> 
     </span>
     <span class='ocr_line' id='line_1_51' title="bbox 2902 2750 4408 2839; baseline -0.005 -23"><span class='ocrx_word' id='word_1_352' title='bbox 2902 2765 3430 2837; x_wconf 83' lang='lat' dir='ltr'><strong>cogerenturque</strong></span> <span class='ocrx_word' id='word_1_353' title='bbox 3470 2750 3852 2833; x_wconf 77' lang='lat' dir='ltr'><strong>provinciae</strong></span> <span class='ocrx_word' id='word_1_354' title='bbox 3895 2750 3965 2812; x_wconf 90' lang='lat' dir='ltr'><strong>in</strong></span> <span class='ocrx_word' id='word_1_355' title='bbox 4024 2750 4408 2839; x_wconf 86' lang='lat' dir='ltr'><strong>principem</strong></span> 
     </span>
     <span class='ocr_line' id='line_1_52' title="bbox 2904 2848 4413 2936; baseline -0.004 -21"><span class='ocrx_word' id='word_1_356' title='bbox 2904 2873 3050 2915; x_wconf 84' lang='lat' dir='ltr'><strong>esse</strong></span> <span class='ocrx_word' id='word_1_357' title='bbox 3095 2853 3447 2929; x_wconf 78' lang='lat' dir='ltr'><strong>liberales,</strong></span> <span class='ocrx_word' id='word_1_358' title='bbox 3494 2873 3569 2915; x_wconf 88' lang='lat' dir='ltr'><strong>ac</strong></span> <span class='ocrx_word' id='word_1_359' title='bbox 3611 2848 3989 2930; x_wconf 75' lang='lat' dir='ltr'><strong>beneficae,</strong></span> <span class='ocrx_word' id='word_1_360' title='bbox 4043 2866 4117 2915; x_wconf 87' lang='lat' dir='ltr'><strong>et</strong></span> <span class='ocrx_word' id='word_1_361' title='bbox 4162 2848 4413 2936; x_wconf 75' lang='lat' dir='ltr'><strong>pende-</strong></span> 
     </span>
     <span class='ocr_line' id='line_1_53' title="bbox 2904 2947 4410 3039; baseline -0.004 -22"><span class='ocrx_word' id='word_1_362' title='bbox 2904 2954 3015 3017; x_wconf 90' lang='lat' dir='ltr'><strong>bat</strong></span> <span class='ocrx_word' id='word_1_363' title='bbox 3077 2975 3163 3017; x_wconf 84' lang='lat' dir='ltr'><strong>ex</strong></span> <span class='ocrx_word' id='word_1_364' title='bbox 3224 2955 3414 3017; x_wconf 89' lang='lat' dir='ltr'><strong>unius</strong></span> <span class='ocrx_word' id='word_1_365' title='bbox 3474 2951 3790 3039; x_wconf 81' lang='lat' dir='ltr'><strong>principis</strong></span> <span class='ocrx_word' id='word_1_366' title='bbox 3847 2953 4204 3017; x_wconf 82' lang='lat' dir='ltr'><strong>voluntate</strong></span> <span class='ocrx_word' id='word_1_367' title='bbox 4271 2947 4410 3035; x_wconf 83' lang='lat' dir='ltr'><strong>ejus</strong></span> 
     </span>
     <span class='ocr_line' id='line_1_54' title="bbox 2905 3051 4415 3140; baseline -0.003 -23"><span class='ocrx_word' id='word_1_368' title='bbox 2905 3054 3063 3117; x_wconf 89' lang='lat' dir='ltr'><strong>doni</strong></span> <span class='ocrx_word' id='word_1_369' title='bbox 3092 3058 3201 3121; x_wconf 82' lang='lat' dir='ltr'><strong>vel</strong></span> <span class='ocrx_word' id='word_1_370' title='bbox 3239 3051 3716 3140; x_wconf 81' lang='lat' dir='ltr'><strong>multiplicare,</strong></span> <span class='ocrx_word' id='word_1_371' title='bbox 3760 3054 3871 3116; x_wconf 80' lang='lat' dir='ltr'><strong>vel</strong></span> <span class='ocrx_word' id='word_1_372' title='bbox 3916 3055 4232 3118; x_wconf 89' lang='lat' dir='ltr'><strong>minuere</strong></span> <span class='ocrx_word' id='word_1_373' title='bbox 4265 3073 4415 3117; x_wconf 88' lang='lat' dir='ltr'><strong>cau-</strong></span> 
     </span>
     <span class='ocr_line' id='line_1_55' title="bbox 2907 3152 4412 3242; baseline -0.003 -22"><span class='ocrx_word' id='word_1_374' title='bbox 2907 3179 3045 3234; x_wconf 85' lang='lat' dir='ltr'><strong>sas,</strong></span> <span class='ocrx_word' id='word_1_375' title='bbox 3089 3172 3228 3220; x_wconf 88' lang='lat' dir='ltr'><strong>tum</strong></span> <span class='ocrx_word' id='word_1_376' title='bbox 3262 3171 3328 3221; x_wconf 87' lang='lat' dir='ltr'><strong>et</strong></span> <span class='ocrx_word' id='word_1_377' title='bbox 3362 3170 3708 3242; x_wconf 83' lang='lat' dir='ltr'><strong>quantum,</strong></span> <span class='ocrx_word' id='word_1_378' title='bbox 3753 3169 3820 3217; x_wconf 81' lang='lat' dir='ltr'><strong>et</strong></span> <span class='ocrx_word' id='word_1_379' title='bbox 3855 3155 4096 3240; x_wconf 87' lang='lat' dir='ltr'><strong>quibus</strong></span> <span class='ocrx_word' id='word_1_380' title='bbox 4140 3152 4412 3239; x_wconf 78' lang='lat' dir='ltr'><strong>provin-</strong></span> 
     </span>
     <span class='ocr_line' id='line_1_56' title="bbox 2905 3252 4411 3340; baseline -0.007 -17"><span class='ocrx_word' id='word_1_381' title='bbox 2905 3261 3026 3324; x_wconf 86' lang='lat' dir='ltr'><strong>ciis</strong></span> <span class='ocrx_word' id='word_1_382' title='bbox 3060 3259 3407 3322; x_wconf 83' lang='lat' dir='ltr'><strong>remissum</strong></span> <span class='ocrx_word' id='word_1_383' title='bbox 3440 3258 3671 3321; x_wconf 79' lang='lat' dir='ltr'><strong>vellet.</strong></span> <span class='ocrx_word' id='word_1_384' title='bbox 3737 3257 3900 3340; x_wconf 73' lang='lat' dir='ltr'><strong>Ejus</strong></span> <span class='ocrx_word' id='word_1_385' title='bbox 3925 3252 4411 3321; x_wconf 86' lang='lat' dir='ltr'><strong>moderationis</strong></span> 
     </span>
     <span class='ocr_line' id='line_1_57' title="bbox 2904 3356 4409 3444; baseline -0.007 -18"><span class='ocrx_word' id='word_1_386' title='bbox 2904 3362 3250 3426; x_wconf 85' lang='lat' dir='ltr'><strong>manifesta</strong></span> <span class='ocrx_word' id='word_1_387' title='bbox 3269 3358 3586 3444; x_wconf 85' lang='lat' dir='ltr'><strong>quaedam</strong></span> <span class='ocrx_word' id='word_1_388' title='bbox 3602 3358 3920 3422; x_wconf 84' lang='lat' dir='ltr'><strong>habemus</strong></span> <span class='ocrx_word' id='word_1_389' title='bbox 3964 3359 4279 3443; x_wconf 79' lang='lat' dir='ltr'><strong>exempla</strong></span> <span class='ocrx_word' id='word_1_390' title='bbox 4317 3356 4409 3416; x_wconf 85' lang='lat' dir='ltr'><strong>le·</strong></span> 
     </span>
     <span class='ocr_line' id='line_1_58' title="bbox 2908 3457 4409 3546; baseline -0.005 -21"><span class='ocrx_word' id='word_1_391' title='bbox 2908 3464 3097 3544; x_wconf 79' lang='lat' dir='ltr'><strong>gibus</strong></span> <span class='ocrx_word' id='word_1_392' title='bbox 3116 3461 3538 3546; x_wconf 86' lang='lat' dir='ltr'><strong>praescripta.</strong></span> <span class='ocrx_word' id='word_1_393' title='bbox 3581 3462 3814 3522; x_wconf 86' lang='lat' dir='ltr'><strong>Exstat</strong></span> <span class='ocrx_word' id='word_1_394' title='bbox 3834 3461 4223 3523; x_wconf 87' lang='lat' dir='ltr'><strong>constitutio</strong></span> <span class='ocrx_word' id='word_1_395' title='bbox 4246 3457 4409 3519; x_wconf 83' lang='lat' dir='ltr'><strong>Gra·</strong></span> 
     </span>
     <span class='ocr_line' id='line_1_59' title="bbox 2904 3558 4410 3645; baseline -0.004 -20"><span class='ocrx_word' id='word_1_396' title='bbox 2904 3565 3064 3627; x_wconf 79' lang='lat' dir='ltr'><strong>tiani</strong></span> <span class='ocrx_word' id='word_1_397' title='bbox 3119 3565 3211 3645; x_wconf 55' lang='grc' dir='ltr'><strong>ῆι</strong></span> <span class='ocrx_word' id='word_1_398' title='bbox 3269 3568 3383 3626; x_wconf 72' lang='lat' dir='ltr'><strong>Aa</strong></span> <span class='ocrx_word' id='word_1_399' title='bbox 3428 3565 3836 3626; x_wconf 66' lang='lat' dir='ltr'><strong>coactionem</strong></span> <span class='ocrx_word' id='word_1_400' title='bbox 3879 3565 4030 3624; x_wconf 79' lang='lat' dir='ltr'><strong>auri</strong></span> <span class='ocrx_word' id='word_1_401' title='bbox 4070 3558 4410 3625; x_wconf 78' lang='lat' dir='ltr'><strong>coronarii</strong></span> 
     </span>
     <span class='ocr_line' id='line_1_60' title="bbox 2892 3667 4464 3749; baseline -0.006 -19"><span class='ocrx_word' id='word_1_402' title='bbox 2892 3671 3151 3749; x_wconf 79' lang='lat' dir='ltr'><strong>placuit</strong></span> <span class='ocrx_word' id='word_1_403' title='bbox 3172 3669 3485 3729; x_wconf 77' lang='lat' dir='ltr'><strong>neminem</strong></span> <span class='ocrx_word' id='word_1_404' title='bbox 3513 3667 3751 3745; x_wconf 66' lang='lat' dir='ltr'><strong>absque</strong></span> <span class='ocrx_word' id='word_1_405' title='bbox 3769 3667 4236 3726; x_wconf 73' lang='lat' dir='ltr'><strong>consuetudine</strong></span> <span class='ocrx_word' id='word_1_406' title='bbox 4268 3675 4409 3724; x_wconf 65' lang='lat' dir='ltr'><strong>csse</strong></span> <span class='ocrx_word' id='word_1_407' title='bbox 4463 3669 4464 3684; x_wconf 65' lang='lat'>¹</span> 
     </span>
     <span class='ocr_line' id='line_1_61' title="bbox 2902 3761 4407 3849; baseline -0.006 -18"><span class='ocrx_word' id='word_1_408' title='bbox 2902 3774 3271 3849; x_wconf 63' lang='lat' dir='ltr'><strong>coqcndwm.</strong></span> <span class='ocrx_word' id='word_1_409' title='bbox 3317 3765 3493 3828; x_wconf 83' lang='lat' dir='ltr'><strong>Alibi</strong></span> <span class='ocrx_word' id='word_1_410' title='bbox 3518 3764 3803 3826; x_wconf 89' lang='lat' dir='ltr'><strong>Iulianus</strong></span> <span class='ocrx_word' id='word_1_411' title='bbox 3820 3761 3909 3842; x_wconf 58' lang='grc' dir='ltr'><strong>ὓς</strong></span> <span class='ocrx_word' id='word_1_412' title='bbox 3945 3768 4200 3827; x_wconf 69' lang='lat' dir='ltr'><strong>Aurum</strong></span> <span class='ocrx_word' id='word_1_413' title='bbox 4230 3781 4407 3826; x_wconf 83' lang='lat' dir='ltr'><strong>coro-</strong></span> 
     </span>
     <span class='ocr_line' id='line_1_62' title="bbox 2901 3867 4406 3946; baseline -0.005 -15"><span class='ocrx_word' id='word_1_414' title='bbox 2901 3873 3158 3931; x_wconf 76' lang='lat' dir='ltr'><strong>narium</strong></span> <span class='ocrx_word' id='word_1_415' title='bbox 3174 3888 3403 3929; x_wconf 75' lang='lat' dir='ltr'><strong>munus</strong></span> <span class='ocrx_word' id='word_1_416' title='bbox 3420 3875 3518 3928; x_wconf 80' lang='lat' dir='ltr'><strong>est</strong></span> <span class='ocrx_word' id='word_1_417' title='bbox 3530 3867 3882 3946; x_wconf 65' lang='lat' dir='ltr'><strong>uoluntatis</strong></span> <span class='ocrx_word' id='word_1_418' title='bbox 3900 3908 3918 3939; x_wconf 92' lang='lat'><strong>,</strong></span> <span class='ocrx_word' id='word_1_419' title='bbox 3951 3868 4134 3946; x_wconf 70' lang='lat' dir='ltr'><strong>quod</strong></span> <span class='ocrx_word' id='word_1_420' title='bbox 4153 3885 4287 3928; x_wconf 73' lang='lat' dir='ltr'><strong>‘non</strong></span> <span class='ocrx_word' id='word_1_421' title='bbox 4308 3883 4406 3924; x_wconf 82' lang='lat' dir='ltr'><strong>so-</strong></span> 
     </span>
     <span class='ocr_line' id='line_1_63' title="bbox 2904 3968 4407 4049; baseline -0.004 -20"><span class='ocrx_word' id='word_1_422' title='bbox 2904 3971 3036 4031; x_wconf 76' lang='lat' dir='ltr'><strong>lum</strong></span> <span class='ocrx_word' id='word_1_423' title='bbox 3047 3970 3447 4030; x_wconf 73' lang='lat' dir='ltr'><strong>senatoribus</strong></span> <span class='ocrx_word' id='word_1_424' title='bbox 3463 4012 3480 4044; x_wconf 90' lang='lat'><strong>,</strong></span> <span class='ocrx_word' id='word_1_425' title='bbox 3522 3971 3727 4029; x_wconf 77' lang='lat' dir='ltr'><strong>sedne</strong></span> <span class='ocrx_word' id='word_1_426' title='bbox 3755 3968 3913 4028; x_wconf 80' lang='lat' dir='ltr'><strong>aliis</strong></span> <span class='ocrx_word' id='word_1_427' title='bbox 3929 3970 4188 4049; x_wconf 77' lang='lat' dir='ltr'><strong>quidem</strong></span> <span class='ocrx_word' id='word_1_428' title='bbox 4218 3968 4407 4028; x_wconf 78' lang='lat' dir='ltr'><strong>debet</strong></span> 
     </span>
     <span class='ocr_line' id='line_1_64' title="bbox 2909 4065 4403 4152; baseline -0.003 -22"><span class='ocrx_word' id='word_1_429' title='bbox 2909 4072 3114 4130; x_wconf 78' lang='lat' dir='ltr'><strong>indici</strong></span> <span class='ocrx_word' id='word_1_430' title='bbox 3128 4113 3145 4144; x_wconf 93' lang='lat'><strong>,</strong></span> <span class='ocrx_word' id='word_1_431' title='bbox 3183 4073 3331 4131; x_wconf 75' lang='lat' dir='ltr'><strong>licet</strong></span> <span class='ocrx_word' id='word_1_432' title='bbox 3340 4073 3657 4152; x_wconf 69' lang='lat' dir='ltr'><strong>quaedam</strong></span> <span class='ocrx_word' id='word_1_433' title='bbox 3687 4069 4107 4129; x_wconf 75' lang='lat' dir='ltr'><strong>indictionum</strong></span> <span class='ocrx_word' id='word_1_434' title='bbox 4123 4065 4403 4132; x_wconf 75' lang='lat' dir='ltr'><strong>necessi-</strong></span> 
     </span>
     <span class='ocr_line' id='line_1_65' title="bbox 2907 4169 4412 4250; baseline -0.004 -17"><span class='ocrx_word' id='word_1_435' title='bbox 2907 4181 3013 4232; x_wconf 78' lang='lat' dir='ltr'><strong>tae</strong></span> <span class='ocrx_word' id='word_1_436' title='bbox 3015 4173 3459 4250; x_wconf 67' lang='lat' dir='ltr'><strong>postulaverit,</strong></span> <span class='ocrx_word' id='word_1_437' title='bbox 3475 4174 3593 4230; x_wconf 80' lang='lat' dir='ltr'><strong>sed</strong></span> <span class='ocrx_word' id='word_1_438' title='bbox 3600 4177 3815 4230; x_wconf 72' lang='lat' dir='ltr'><strong>nostro</strong></span> <span class='ocrx_word' id='word_1_439' title='bbox 3831 4169 4100 4231; x_wconf 70' lang='lat' dir='ltr'><strong>arbitrio</strong></span> <span class='ocrx_word' id='word_1_440' title='bbox 4116 4186 4412 4233; x_wconf 78' lang='lat' dir='ltr'><strong>reserva-</strong></span> 
     </span>
     <span class='ocr_line' id='line_1_66' title="bbox 2908 4270 4402 4352; baseline -0.003 -20"><span class='ocrx_word' id='word_1_441' title='bbox 2908 4275 2971 4332; x_wconf 81' lang='lat' dir='ltr'><strong>ri</strong></span> <span class='ocrx_word' id='word_1_442' title='bbox 3002 4274 3330 4352; x_wconf 81' lang='lat' dir='ltr'><strong>oportebit.</strong></span> <span class='ocrx_word' id='word_1_443' title='bbox 3381 4270 3516 4333; x_wconf 83' lang='lat' dir='ltr'><strong>Sed</strong></span> <span class='ocrx_word' id='word_1_444' title='bbox 3545 4283 3614 4331; x_wconf 87' lang='lat' dir='ltr'><strong>et</strong></span> <span class='ocrx_word' id='word_1_445' title='bbox 3642 4281 3944 4334; x_wconf 70' lang='lat' dir='ltr'><strong>veterum</strong></span> <span class='ocrx_word' id='word_1_446' title='bbox 3979 4280 4402 4332; x_wconf 77' lang='lat' dir='ltr'><strong>monumenta</strong></span> 
     </span>
     <span class='ocr_line' id='line_1_67' title="bbox 2907 4366 4396 4455; baseline -0.003 -22"><span class='ocrx_word' id='word_1_447' title='bbox 2907 4372 3374 4436; x_wconf 80' lang='lat' dir='ltr'><strong>nonnullorum</strong></span> <span class='ocrx_word' id='word_1_448' title='bbox 3406 4370 3862 4454; x_wconf 78' lang='lat' dir='ltr'><strong>principumin</strong></span> <span class='ocrx_word' id='word_1_449' title='bbox 3893 4366 4396 4455; x_wconf 75' lang='lat' dir='ltr'><strong>coacceptando</strong></span> 
     </span>
    </p>
   </div>
   <div class='ocr_carea' id='block_1_10' title="bbox 1292 4512 4377 4550">
    <p class='ocr_par' dir='ltr' id='par_1_10' title="bbox 1292 4512 4377 4550">
     <span class='ocr_line' id='line_1_68' title="bbox 1292 4512 4377 4550; baseline 0 1387"><span class='ocrx_word' id='word_1_450' title='bbox 1292 4512 4377 4550; x_wconf 95' lang='lat' dir='ltr'><strong> </strong></span> 
     </span>
    </p>
   </div>
   <div class='ocr_carea' id='block_1_11' title="bbox 1421 4607 2361 4682">
    <p class='ocr_par' dir='ltr' id='par_1_11' title="bbox 1421 4607 2361 4682">
     <span class='ocr_line' id='line_1_69' title="bbox 1421 4607 2361 4682; baseline 0.004 -18"><span class='ocrx_word' id='word_1_451' title='bbox 1421 4611 1483 4679; x_wconf 86' lang='lat' dir='ltr'><strong>a)</strong></span> <span class='ocrx_word' id='word_1_452' title='bbox 1520 4607 1584 4664; x_wconf 89' lang='lat' dir='ltr'><strong>in</strong></span> <span class='ocrx_word' id='word_1_453' title='bbox 1626 4608 2046 4682; x_wconf 72' lang='lat' dir='ltr'><strong>Triumphales</strong></span> <span class='ocrx_word' id='word_1_454' title='bbox 2078 4629 2361 4668; x_wconf 81' lang='lat' dir='ltr'><strong>coronae.</strong></span> 
     </span>
    </p>
   </div>
   <div class='ocr_carea' id='block_1_12' title="bbox 1309 4695 2010 4769">
    <p class='ocr_par' dir='ltr' id='par_1_12' title="bbox 1309 4695 2010 4769">
     <span class='ocr_line' id='line_1_70' title="bbox 1309 4695 2010 4769; baseline 0.003 -15"><span class='ocrx_word' id='word_1_455' title='bbox 1309 4696 1541 4769; x_wconf 81' lang='lat' dir='ltr'><strong>e)·Cod</strong></span> <span class='ocrx_word' id='word_1_456' title='bbox 1578 4699 1641 4755; x_wconf 90' lang='lat' dir='ltr'><strong>L.</strong></span> <span class='ocrx_word' id='word_1_457' title='bbox 1666 4695 1753 4754; x_wconf 72' lang='lat' dir='ltr'><strong>X.</strong></span> <span class='ocrx_word' id='word_1_458' title='bbox 1793 4699 1882 4758; x_wconf 82' lang='lat' dir='ltr'><strong>tit.</strong></span> <span class='ocrx_word' id='word_1_459' title='bbox 1923 4705 2010 4765; x_wconf 64' lang='lat'><strong>74.</strong></span> 
     </span>
    </p>
   </div>
   <div class='ocr_carea' id='block_1_13' title="bbox 2156 4571 4395 4775">
    <p class='ocr_par' dir='ltr' id='par_1_13' title="bbox 2156 4571 4395 4775">
     <span class='ocr_line' id='line_1_71' title="bbox 2511 4571 4395 4694; baseline 0.002 -25"><span class='ocrx_word' id='word_1_460' title='bbox 2511 4612 2580 4685; x_wconf 83' lang='lat' dir='ltr'><strong>b)</strong></span> <span class='ocrx_word' id='word_1_461' title='bbox 2616 4611 2681 4671; x_wconf 66' lang='lat' dir='ltr'><strong>L,</strong></span> <span class='ocrx_word' id='word_1_462' title='bbox 2712 4611 2785 4671; x_wconf 84' lang='lat' dir='ltr'><strong>v.</strong></span> <span class='ocrx_word' id='word_1_463' title='bbox 2817 4632 2868 4670; x_wconf 64' lang='grc' dir='ltr'><strong>ο.</strong></span> <span class='ocrx_word' id='word_1_464' title='bbox 2897 4613 2951 4677; x_wconf 80' lang='lat'><strong>6.</strong></span> <span class='ocrx_word' id='word_1_465' title='bbox 3101 4617 3162 4690; x_wconf 77' lang='lat' dir='ltr'><strong>c&gt;</strong></span> <span class='ocrx_word' id='word_1_466' title='bbox 3201 4613 3263 4672; x_wconf 74' lang='lat' dir='ltr'><strong>in</strong></span> <span class='ocrx_word' id='word_1_467' title='bbox 3291 4581 3485 4673; x_wconf 65' lang='lat' dir='ltr'><strong>Piso&#39;n.</strong></span> <span class='ocrx_word' id='word_1_468' title='bbox 3509 4615 3667 4678; x_wconf 72' lang='lat'><strong>01³7.</strong></span> <span class='ocrx_word' id='word_1_469' title='bbox 3738 4608 3747 4615; x_wconf 89' lang='lat'><strong>·</strong></span> <span class='ocrx_word' id='word_1_470' title='bbox 3817 4579 3886 4684; x_wconf 71' lang='grc' dir='ltr'><strong>(ἰ)</strong></span> <span class='ocrx_word' id='word_1_471' title='bbox 3917 4608 3982 4666; x_wconf 84' lang='lat' dir='ltr'><strong>L.</strong></span> <span class='ocrx_word' id='word_1_472' title='bbox 4003 4609 4211 4694; x_wconf 66' lang='lat' dir='ltr'><strong>nm.</strong></span> <span class='ocrx_word' id='word_1_473' title='bbox 4244 4571 4395 4688; x_wconf 31' lang='lat'><strong>§.⁵42-</strong></span> 
     </span>
     <span class='ocr_line' id='line_1_72' title="bbox 2156 4699 3770 4775; baseline -0.005 -14"><span class='ocrx_word' id='word_1_474' title='bbox 2156 4701 2213 4775; x_wconf 79' lang='lat' dir='ltr'><strong>s)</strong></span> <span class='ocrx_word' id='word_1_475' title='bbox 2251 4699 2413 4760; x_wconf 69' lang='lat' dir='ltr'><strong>Cod.</strong></span> <span class='ocrx_word' id='word_1_476' title='bbox 2442 4701 2504 4759; x_wconf 89' lang='lat' dir='ltr'><strong>L.</strong></span> <span class='ocrx_word' id='word_1_477' title='bbox 2544 4702 2676 4762; x_wconf 82' lang='grc' dir='ltr'><strong>ΧΠ.</strong></span> <span class='ocrx_word' id='word_1_478' title='bbox 2716 4701 2799 4761; x_wconf 81' lang='lat' dir='ltr'><strong>tit.</strong></span> <span class='ocrx_word' id='word_1_479' title='bbox 2843 4712 2927 4767; x_wconf 84' lang='lat'><strong>13.</strong></span> <span class='ocrx_word' id='word_1_480' title='bbox 3477 4699 3480 4704; x_wconf 85' lang='lat'>&#39;</span> <span class='ocrx_word' id='word_1_481' title='bbox 3759 4713 3770 4727; x_wconf 91' lang='lat'><strong>·</strong></span> 
     </span>
    </p>
   </div>
   <div class='ocr_carea' id='block_1_14' title="bbox 3737 5843 3816 5858">
    <p class='ocr_par' dir='ltr' id='par_1_14' title="bbox 3737 5843 3816 5858">
     <span class='ocr_line' id='line_1_73' title="bbox 3737 5843 3816 5858; baseline 0 0"><span class='ocrx_word' id='word_1_482' title='bbox 3737 5843 3816 5858; x_wconf 61' lang='grc' dir='ltr'><strong>ΔΙ..</strong></span> 
     </span>
    </p>
   </div>
  </div>
 </body>
</html>
