4652 5937
898 517 993 590 M.
1082 458 1710 629 'AVRELIvs
1812 517 2558 597 ANTONINVS.
3301 488 3424 607 5⁵*

290 698 581 761 animum
605 697 1218 784 fortiusimpulere,
1265 703 1403 766 sive
1441 702 1617 787 quod
1644 724 1794 765 cau-

284 820 351 861 sa
384 800 556 884 reip.
596 820 873 891 necesse
913 803 1159 879 visum,
1205 803 1578 886 plusculum
1617 826 1792 868 com·

286 901 462 964 muni
493 921 731 963 eorum
781 916 1150 986 temporum
1200 908 1419 970 sensui
1473 907 1790 981 tribuere,

282 982 423 1066 sive
490 1000 785 1085 denique
836 1004 1014 1088 quod
1071 1009 1306 1069 summi
1375 991 1570 1069 etiam
1640 1006 1788 1082 viri,

290 1124 371 1167 ex
399 1125 535 1189 quo
595 1124 669 1166 se
699 1105 997 1168 homines
1036 1108 1294 1183 norint,
1356 1109 1632 1193 aliquam
1683 1108 1796 1170 ha·

288 1205 446 1267 bent
533 1204 882 1269 admistam
950 1208 1319 1272 dementiae
1383 1210 1791 1293 particulam,

291 1328 422 1371 nou
455 1308 561 1369 illi
591 1328 718 1370 nos
766 1324 1118 1392 propterea
1167 1310 1550 1393 negabimus
1583 1308 1797 1394 philo-

293 1407 484 1492 sophi
516 1428 791 1471 nomem
812 1452 830 1484 ,
875 1410 1002 1471 nisi
1037 1412 1204 1473 illud
1238 1432 1484 1497 negare
1532 1431 1794 1495 quoque

291 1510 573 1573 velimus
612 1511 865 1572 Iustino
901 1513 1171 1599 martyri
1202 1513 1404 1597 longo
1438 1514 1538 1575 illi
1575 1532 1799 1591 saecue

290 1611 509 1673 lorum
559 1634 691 1675 usu
735 1614 1088 1690 tributum,
1149 1615 1306 1698 quia
1345 1634 1465 1675 suo
1511 1614 1579 1674 in
1612 1612 1800 1676 Chri-

295 1716 498 1778 stiana
576 1734 768 1777 sacra
830 1714 1097 1777 adfectu
1173 1716 1434 1798 longius
1488 1715 1799 1796 abreptus

294 1814 698 1879 carminibus
736 1815 1094 1897 Sibyllinis,
1153 1816 1439 1878 Simonis
1471 1816 1644 1899 magi
1684 1815 1801 1876 mi-

292 1919 557 1993 raculo,
605 1919 811 1978 Lxx.
857 1902 1292 2000 interpretum
1333 1916 1609 1998 jactatae
1646 1936 1798 1979 con·

294 2016 594 2093 cordiae,
643 2038 858 2101 regno
894 2018 1291 2105 millenario,
1342 2020 1797 2103 malorumque

300 2118 695 2181 daemonum
749 2119 1089 2204 perpetuis
1155 2119 1538 2182 occursibus
1612 2140 1800 2204 prap-

298 2218 530 2303 liisque
576 2217 779 2282 fidem
826 2219 1091 2297 habuit,
1133 2235 1204 2284 ut
1255 2238 1664 2305 praeteream
1700 2233 1800 2284 tot

296 2320 470 2384 viros
521 2322 730 2398 alios,
789 2342 955 2405 quos
1016 2323 1300 2385 maxime
1359 2322 1794 2415 pbilosopbos

300 2434 403 2491 aut
458 2437 690 2501 vetus,
769 2436 880 2486 aut
937 2424 1271 2511 recentius
1325 2445 1559 2489 aevum
1614 2424 1794 2488 cele·

299 2523 459 2586 brat.
1736 2588 1741 2595 .

419 2630 519 2688 An
574 2645 742 2688 vero
777 2624 899 2688 hac
945 2639 1168 2688 nostra
1206 2640 1451 2702 aetate,
1496 2646 1620 2711 qua
1653 2626 1797 2711 phi-

301 2725 637 2810 losophiae
691 2745 934 2788 nomen
965 2728 1253 2789 omnium
1288 2748 1405 2789 ore
1443 2747 1518 2790 ac
1550 2747 1798 2789 sermo-

304 2826 488 2888 nibus
533 2827 1035 2904 circumfertur,
1096 2830 1442 2891 meliorem
1488 2848 1632 2891 esse
1679 2849 1800 2911 pu-

307 2941 506 2991 tamus
555 2929 819 2996 divinae
862 2931 1004 3012 ejus
1040 2930 1392 3006 scientiae,
1439 2952 1604 3014 quae
1657 2934 1797 2998 sola

309 3044 405 3092 est
450 3034 730 3104 mentis,
793 3032 1196 3114 rationisque
1245 3030 1563 3120 humanae
1600 3037 1801 3119 magi-⁵

312 3148 458 3209 stra,
504 3131 1001 3194 conditionem?
1044 3135 1195 3195 Non
1233 3133 1594 3197 'verisimile
1627 3135 1803 3196 istud

308 3235 538 3313 modo,
584 3234 709 3298 sed
765 3235 961 3318 plane
1005 3234 1448 3296 necessarium
1480 3234 1800 3313 videatur,

313 3350 604 3398 nostrum
669 3355 900 3398 aevum
956 3355 1116 3418 prae
1159 3349 1388 3400 vetere
1437 3336 1556 3398 illo
1616 3351 1800 3400 recte

318 3437 637 3500 sentiendi
683 3436 1146 3521 judicandique
1207 3435 1518 3501 facultate
1585 3439 1803 3528 excels·

266 3539 480 3614 flere,
527 3540 636 3602 cui
684 3560 818 3602 nou
872 3540 1214 3602 vetustatis
1253 3539 1490 3615 modo,
1554 3539 1672 3602 sed
1708 3560 1809 3602 se-

322 3642 655 3721 quentium
718 3641 913 3702 etiam
989 3653 1362 3726 temporum
1455 3655 1809 3726 suppetunt

321 3741 645 3826 exempla,
690 3743 796 3804 cui
839 3743 1075 3805 artium
1125 3744 1416 3806 omnium
1459 3742 1808 3826 perfectio,

322 3842 625 3906 historiae
675 3843 985 3905 naturalis
1044 3846 1254 3907 multo
1316 3844 1657 3906 liberalior
1699 3865 1811 3908 co·

325 3944 554 4026 gnitio,
582 3927 833 4028 ‘aperti
898 3965 1047 4008 cum
1102 3944 1558 4008 remotissimis
1603 3946 1810 4028 genti·

324 4042 440 4106 bus
490 4059 933 4121 commeatus,
991 4060 1059 4109 et
1101 4047 1171 4109 id
1220 4067 1427 4130 genus
1472 4048 1635 4122 alia,
1681 4068 1812 4108 am-

328 4145 611 4227 plissima
653 4146 736 4210 ad
773 4147 1021 4231 ingenii
1067 4148 1421 4233 judiciique
1465 4151 1810 4224 culturam,

326 4247 814 4333 eruendumque
889 4269 1121 4332 verum
1176 4253 1455 4313 attulere
1502 4249 1810 4328 subsidia.

326 4349 530 4433 Atque
587 4349 709 4411 hae
751 4363 966 4414 tantae
1011 4351 1534 4434 opportunitates
1584 4372 1667 4415 an
1717 4372 1814 4414 sa·

329 4447 407 4509 tis
490 4449 700 4513 adbuc
783 4453 866 4518 ad
943 4452 1295 4538 parandam
1373 4453 1812 4540 tuendamque

330 4550 559 4632 ¹mentis
611 4551 952 4618 sanitatem
997 4554 1364 4638 profuere?
1416 4576 1548 4619 non
1583 4555 1813 4619 hercle

333 4651 493 4731 apud
533 4672 699 4736 eos,
745 4674 1024 4739 quorum
1079 4655 1312 4718 infelix
1352 4676 1629 4719 examen
1656 4657 1811 4719 inde

312 4748 407 4810 ”ab
450 4752 692 4839 aliquot
744 4755 927 4820 annis
986 4756 1314 4841 pullulare
1351 4759 1810 4844 conspicimus,

1906 701 2020 787 qui
2082 722 2216 765 non
2287 705 2584 767 contenti
2655 704 2968 769 remediis
3028 706 3398 783 ordinariis,

1905 823 2072 886 quae
2131 819 2362 867 auctor
2420 796 2685 889 generis
2746 808 3013 869 humani
3076 808 3160 870 ad
3201 809 3402 871 vitam

1910 918 2093 967 recte
2174 906 2497 991 beateque
2574 907 2895 991 agendam
2950 909 3398 994 praescripsit,

1911 1008 2111 1068 alium
2142 1005 2374 1068 orbem
2405 1021 2590 1071 extra
2631 1028 2853 1071 rerum
2898 1022 3191 1072 naturam
3229 1011 3407 1094 posi-

1909 1119 2047 1168 tum
2107 1106 2427 1169 rimantur
2480 1122 2548 1170 et
2598 1107 2982 1191 explorant,
3050 1132 3284 1174 manes.
3322 1110 3403 1174 ab

1910 1206 2142 1268 inferis
2182 1222 2500 1283 evocant,
2578 1210 2864 1279 animum
2913 1210 3191 1275 admotis
3252 1233 3408 1276 con-

1910 1320 2121 1370 tactus
2166 1306 2553 1385 lenociniis,
2611 1324 2679 1371 et
2726 1311 3049 1375 medicato
3090 1333 3322 1376 somno
3370 1338 3408 1379 a

1913 1428 2196 1491 corpore
2277 1409 2608 1486 avellunt,
2692 1431 2920 1474 omnes
2997 1415 3408 1499 praestigias,

1911 1508 2260 1593 mysteria,
2306 1530 2580 1573 arcanae
2617 1510 2875 1575 virtutis
2929 1515 3198 1589 modos,
3244 1538 3410 1600 quos

1912 1609 2331 1673 fraudulenta
2354 1653 2370 1684 ,
2418 1622 2529 1683 aut
2562 1613 2803 1675 cerrita
2838 1613 3100 1698 ingenia
3134 1615 3203 1677 in
3234 1638 3411 1680 com·

1915 1710 2273 1774 mentatios
2308 1712 2625 1788 retulere,
2672 1713 2958 1776 solerter
2993 1717 3409 1801 investigant,

1917 1802 2298 1897 ex.quorum
2340 1813 2636 1875 omnium
2667 1813 2962 1877 consiliis
3014 1818 3411 1904 monitisque

1918 1929 2230 1999 caperent
2295 1915 2799 1998 praescientiam
2872 1916 3111 1994 futuri,
3202 1933 3413 1982 artem

1913 2015 2314 2099 reparandae
2351 2015 2783 2092 valetudinis,
2825 2031 2937 2080 aut
2988 2019 3092 2080 rei
3133 2019 3411 2083 familia·

1913 2118 2039 2195 ris,
2086 2132 2156 2179 et
2197 2137 2627 2202 quaecunque
2670 2138 2866 2180 nosse
2904 2118 3258 2183 inconsulti
3295 2120 3411 2183 ho·

1915 2220 2161 2281 minum
2208 2219 2406 2281 animi
2451 2242 2565 2281 sua
2597 2214 2930 2282 'interesse
2985 2234 3235 2304 putant.
3306 2221 3413 2284 An

1909 2320 2085 2383 istud
2143 2340 2376 2404 sapere
2438 2332 2575 2398 est,
2638 2308 2720 2385 ac
2756 2343 2890 2386 non
2950 2323 3167 2406 potius
3214 2344 3413 2407 supra

1911 2443 2104 2508 quam
2158 2422 2343 2485 credi
2400 2434 2658 2507 potest,
2718 2423 3040 2500 insanire,
3102 2445 3178 2488 ac
3231 2425 3413 2489 labo-

1912 2547 2063 2590 rare
2126 2524 2402 2600 morbo,
2479 2545 2674 2609 quem
2752 2538 2892 2588 tota
2949 2526 3413 2609 Anticyrarum

1911 2628 2173 2692 horrea.
2199 2648 2336 2690 non
2406 2627 2772 2689 sanabunt?
2867 2628 3046 2721 Quid
3119 2630 3411 2714 prodest,

1910 2729 2239 2792 nascentis
2311 2727 2770 2812 philosophiae
2845 2749 2972 2811 ope
3067 2744 3416 2815 exemptos

1915 2830 2175 2893 tandem
2246 2849 2330 2891 ex
2406 2828 2745 2891 hominum
2816 2831 3049 2892 animis
3105 2832 3417 2923 gravissi-

1914 2954 2057 2996 mos
2099 2951 2397 3006 errores,
2445 2929 2701 2993 sublata
2728 2929 2973 3015 judicia
3012 2953 3134 3018 per
3188 2934 3413 3018 iguem

1916 3049 1985 3097 et
2017 3053 2269 3118 aquam,
2303 3044 2679 3116 contempta
2707 3034 3067 3119 sortilegia,
3104 3033 3172 3098 ‘et
3206 3048 3415 3098 astro-

1914 3157 2064 3197 rum
2113 3136 2176 3194 iu
2210 3147 2466 3202 mentes
2515 3133 2829 3196 humanas
2863 3137 3083 3219 gravia
3113 3137 3413 3220 imperia,

1918 3235 2276 3298 exstinctos
2333 3229 2631 3317 sagarum
2677 3231 2918 3319 rogos,
2965 3233 3264 3322 demptos
3320 3243 3417 3299 in-

1903 3348 2073 3399 ·anes
2154 3348 2410 3410 metus,
2490 3354 2654 3418 quos
2728 3334 3017 3400 creditae
3087 3339 3415 3402 leuiurum

1924 3429 2383 3522 larvarumque
2421 3432 2788 3515 ε’πιφανειαι,
2835 3450 2904 3500 et
2934 3433 3239 3524 nocturni
3272 3444 3419 3502 stri-

1925 3540 2103 3625 gium
2177 3533 2492 3604 circuitus
2541 3539 3049 3623 ingenerahant,
3117 3556 3184 3604 et
3235 3564 3422 3629 quas·

1925 3661 2181 3725 cunque
2259 3642 2417 3702 alias
2491 3640 2783 3703 fallacias
2880 3644 3420 3725 praecedentium

1925 3734 2342 3804 saeculorum
2399 3742 2613 3826 caligo
2671 3735 2959 3819 invexit,
3023 3744 3079 3805 si
3122 3746 3418 3809 eiusdem

1880 3861 1885 3864 ·
1923 3857 2194 3905 naturae
2230 3857 2521 3906 monstra
2565 3844 2724 3919 alia,
2770 3863 2847 3907 ac
2876 3843 3228 3927 prioribus=
3253 3848 3421 3907 mul-

1923 3957 1992 4005 to
2024 3942 2480 4026 pestilentiora
2535 3945 2605 4006 iu
2654 3944 2995 4044 bominum
3036 3939 3419 4010 societatem

1927 4043 2376 4107 admittuntur.

2054 4147 2139 4207 At
2183 4165 2493 4230 quorsum
2534 4165 2662 4229 ego
2696 4145 2818 4207 ista
2849 4145 3132 4229 disputo,
3177 4147 3418 4231 quippe

1929 4233 2008 4309 ab
2043 4247 2341 4338 instituto
2388 4266 2537 4307 meo
2577 4245 2854 4308 aliena?
2909 4248 3093 4331 quasi
3141 4268 3300 4314 vero
3343 4270 3420 4311 ea

1930 4350 2272 4433 contagio,
2336 4366 2503 4432 quae
2540 4347 2697 4409 alias
2743 4348 3092 4432 plerasque
3137 4349 3426 4433 discipli-

1929 4472 2043 4514 nas
2118 4451 2457 4535 corrupit,
2536 4450 2637 4511 rei
2698 4463 2959 4511 nostrae
3021 4451 3418 4535 antiquariae

1928 4555 2358 4637 pepercisset.
2433 4553 2600 4648 Quis
2650 4551 2822 4614 enim
2877 4551 3137 4634 ignorat
3178 4573 3422 4615 novum

1930 4656 2266 4718 hominum
2319 4674 2559 4738 genus,
2592 4653 3205 4739 ,qui'monumenta
3244 4667 3424 4716 vete·

1931 4779 2077 4820 rum
2111 4778 2250 4836 „non
2298 4739 2504 4821 seusu
2532 4743 2899 4832 communi,
2957 4749 3281 4842 intelligo,
3328 4771 3425 4821 tc·
