4652 5937
1493 446 2231 554 CARACALLA.
2767 531 2773 537 ,
3260 478 3422 557 ρῃ,

270 662 393 705 eo
431 653 731 713 certum,
774 635 1075 720 quoniam
1114 632 1254 715 ejus
1291 632 1554 719 generis
1588 631 1656 692 in
1689 632 1805 692 Se-

282 743 491 820 veri,
537 755 603 804 et
656 758 821 823 quae
856 738 983 809 hoc
1025 738 1238 801 adhuc
1285 737 1650 819 imperante
1700 752 1804 795 re·
1846 774 1849 779 »

280 830 579 929 pudicita
610 841 774 914 fuit,
837 837 1182 913 Plautillae
1227 852 1497 901 moneta·
1525 858 1657 897 non
1694 834 1804 897 ha-

281 945 571 1009 bentur.
623 943 833 1009 Etiam
851 938 1225 1019 hujusmodi
1245 940 1449 1002 Getae
1472 936 1802 1001 deficiunt.

295 1048 563 1122 Primi,
622 1043 733 1126 qui
785 1054 1004 1104 notam
1036 1041 1596 1123 ,chronologicam
1644 1036 1805 1100 offe-

297 1162 515 1223 runt,
586 1142 902 1210 exhibent
952 1142 1323 1205 Caracallae
1389 1139 1804 1203 tribuniciam

292 1261 708 1334 potestatem
752 1244 1027 1320 XVIII„
1106 1245 1228 1305 hac
1279 1245 1571 1327 priorem
1643 1263 1805 1324 gaza

309 1353 640 1415 Caesarea
666 1345 1027 1416 nonhabet.
1076 1346 1238 1406 Sunt
1269 1345 1461 1405 etiam
1483 1344 1804 1418 Domnae,

304 1469 558 1533 nempe
605 1469 729 1533 per
801 1445 920 1507 filii
979 1446 1325 1527 imperium
1378 1445 1634 1527 signati.
1703 1443 1807 1509 Ad

304 1552 499 1636 quod
548 1571 679 1611 non
712 1548 995 1611 advertit
1028 1545 1411 1625 Bimardus,
1457 1546 1569 1630 qui
1613 1565 1807 1607 cusos

306 1653 385 1721 id
425 1672 633 1737 genus
663 1672 896 1712 numos
926 1650 1053 1731 jam
1089 1647 1207 1709 sub
1242 1648 1493 1709 Severo
1530 1644 1692 1707 dixit
1725 1650 1806 1725 ⁸),

310 1753 637 1836 deceptus
685 1752 860 1814 haud
905 1750 1137 1823 dubie,
1196 1748 1344 1832 quia
1393 1747 1584 1830 hujus
1631 1769 1811 1811 com·

313 1855 512 1918 matis
564 1873 798 1915 numos
853 1874 999 1929 cum
1039 1851 1249 1932 eapite
1277 1852 1574 1911 Domnae
1628 1850 1808 1913 vide-

306 1971 458 2030 ταῖς
529 1968 592 2017 at
643 1955 705 2016 in
732 1954 835 2015 his
886 1950 1197 2035 capienda
1243 1972 1374 2012 non
1418 1964 1515 2023 est
1551 1953 1809 2012 Domna

320 2056 560 2123 Severi
588 2075 795 2128 uxor,
842 2053 961 2119 sed
993 2052 1364 2115 Caracallae
1407 2066 1636 2125 mater.
1680 2055 1811 2113 Ne-

325 2177 458 2243 que
506 2176 629 2240 per
663 2156 1036 2219 Caracallae
1080 2168 1361 2216 mortem
1416 2153 1647 2214 modus
1699 2154 1809 2215 hic

325 2258 647 2329 abolitum
707 2277 855 2320 nam
915 2256 1174 2317 duravit
1232 2254 1298 2314 in
1344 2254 1617 2338 imperia
1671 2256 1808 2317 Ma-

323 2359 516 2435 crini,
564 2346 990 2443 etElagabali
1021 2375 1497 2421 successorum.
1540 2355 1817 2419 Macrini

317 2460 587 2524 exstant
642 2481 771 2521 non
819 2458 1044 2541 pauci,
1117 2458 1404 2518 rariores
1456 2447 1808 2517 Diadume-

315 2564 539 2636 niani,
618 2559 962 2641 Elagabali
1031 2560 1447 2642 complures3
1527 2576 1610 2619 ex
1674 2555 1816 2637 ejus

323 2664 558 2731 aetatis
604 2662 866 2725 seminis
914 2666 1209 2735 Maesae‚
1268 2674 1336 2722 et
1373 2659 1623 2721 Anniae
1652 2660 1820 2719 Fau-

321 2765 533 2827 stinae
601 2762 850 2825 similes
899 2777 1181 2825 ostentat
1242 2781 1537 2822 museum
1584 2764 1814 2822 Caesa·

314 2861 565 2940 reum,
633 2881 700 2926 et
746 2865 1089 2948 Elagabali
1159 2863 1424 2947 quidem
1476 2876 1812 2949 ‘postremi

319 2982 473 3030 sunt
497 2987 642 3030 cum
664 2965 811 3029 trib.
842 2981 1163 3051 potestate
1189 2965 1268 3026 11.
1317 2968 1588 3038 Tamen,
1636 2962 1813 3047 quod

323 3068 849 3142 observandum,
935 3090 1065 3131 non
1135 3084 1479 3130 cessavere
1561 3065 1813 3127 interea

320 3170 622 3256 argentei
661 3170 995 3244 ordinarii,
1042 3182 1108 3231 et
1149 3168 1355 3229 multo
1391 3166 1638 3248 maiore
1677 3167 1812 3250 qui·

326 3272 479 3335 dem
516 3253 705 3353 copia
739 3271 954 3333 feriri.
1033 3275 1180 3332 Non
1220 3270 1652 3340 obserrantur
1691 3267 1811 3327 sub

319 3373 605 3455 imperio
627 3371 1000 3447 Alexandri,
1046 3371 1384 3432 Maximini
1420 3385 1485 3433 et
1516 3369 1812 3453 priorum
1884 3421 1890 3426 .

324 3474 859 3548 Gordianorum,
924 3487 985 3535 at
1050 3485 1421 3555 resumptus
1486 3490 1628 3532 mos
1691 3467 1812 3529 sub

322 3574 642 3662 Balbine,
686 3589 753 3638 et
788 3575 1109 3658 Pupieno,
1156 3595 1230 3635 ac
1259 3572 1610 3655 praecipue
1649 3569 1817 3638 Gor·-

323 3676 705 3752 dian0111.,
764 3675 885 3738 sub
935 3695 1065 3758 quo
1102 3672 1615 3756 frequentissimi
1664 3684 1815 3733 sunt

321 3779 480 3841 novi
547 3776 740 3859 hujus
804 3777 1083 3839 instituti
1149 3776 1369 3850 numi,
1442 3788 1509 3837 et
1560 3774 1818 3836 duravit

319 3878 524 3964 illud,
598 3876 752 3939 dum
811 3898 920 3939 res
981 3878 1340 3940 monetaria
1390 3898 1653 3960 pessum
1716 3876 1815 3938 ire

322 3979 562 4063 coepit.
618 3979 893 4048 Factum
932 3971 1247 4062 exposui,
1303 3990 1368 4039 at
1407 3980 1561 4044 novi
1617 3978 1818 4044 moris

323 4101 582 4148 causam
615 4102 721 4150 me
758 4082 1064 4170 ignorare
1082 4078 1438 4163 profiteor.

714 4252 996 4314 Nomt‘na
1043 4249 1437 4310 caracallae.

455 4392 833 4452 Bassianus.
919 4388 1069 4448 Hoc
1138 4361 1405 4447 nomen·
1445 4381 1549 4446 illi
1604 4383 1821 4454 adhue

1916 653 2126 716 puero
2145 647 2214 695 et
2236 630 2492 718 privato
2521 632 2665 709 fuit,
2712 634 2986 698 inditum
3021 658 3101 702 ex
3137 645 3405 711 nomine

1916 734 2022 795 avi
2071 736 2351 797 materni
2384 732 2485 812 b),
2561 735 2983 822 duravitque,
3061 742 3271 819 donec
3319 746 3400 812 ab

1916 835 2167 899 intrusa
2230 838 2539 898 Antonini
2596 840 3035 921 appellatione
3100 847 3406 909 extrude-

1918 952 2123 1000 retur.
2184 939 2460 1007 Peracta
2497 940 2636 1021 ejus
2668 941 2870 1003 caede
2907 963 3029 1024 per
3060 934 3405 1016 commune

1920 1039 2212 1099 omnium
2261 1038 2484 1102 odium
2533 1042 2879 1121 Bassianus
2940 1066 3199 1111 rursum
3255 1071 3412 1113 con-

1921 1141 2219 1223 temptim
2256 1140 2386 1204 dici
2420 1143 2639 1225 coepit
2672 1144 2752 1222 c).
2800 1146 3046 1208 Verum
3082 1152 3146 1209 in
3181 1146 3409 1229 monti·

1920 1243 2156 1303 mentis
2176 1241 2458 1325 publicis
2493 1266 2731 1307 nomen
2756 1245 2925 1306 istud
2951 1269 3068 1310 seu
3094 1254 3406 1330 nativum,

1920 1363 2036 1433 seu
2069 1344 2782 1421 contumeliosumdnon
2819 1347 3080 1431 legitur.

1974 1528 1979 1539 ¹
2055 1449 2138 1507 M.
2178 1450 2482 1508 Aurelius
2513 1452 2894 1510 Antoninus·
2963 1451 3227 1515 illustre
3280 1455 3408 1520 hoe

1920 1566 2162 1607 nomen
2196 1545 2333 1607 filio
2368 1569 2489 1629 pro
2523 1548 2805 1609 obseuro
2843 1552 3133 1613 Bassiani
3174 1554 3411 1620 indidit

1923 1648 2247 1720 Severus,
2312 1660 2470 1711 cum·
2507 1672 2654 1712 eum
2697 1649 3039 1712 Caesarem
3092 1654 3259 1737 apud
3300 1640 3413 1723 Viss

1910 1749 2273 1834 ⁸minacium
2321 1751 2713 1833 appellavit,
2779 1765 2849 1811 ut
2884 1752 3093 1814 refert
3124 1757 3423 1844 Spartia-¹

1921 1870 2044 1909 nus
2079 1848 2141 1926 d)
2166 1894 2183 1926 ‚
2231 1850 2408 1933 qvod
2445 1849 2684 1914 sactum
2728 1851 3007 1946 diximus
3042 1856 3120 1919 V.
3145 1859 3232 1919 ‘C-
3265 1867 3413 1941 949.

1922 1949 2130 2011 Datae
2166 1948 2306 2033 ejus
2336 1954 2791 2035 appellationis
2823 1954 3125 2019 frivolam
3153 1979 3413 2023 causam

1923 2050 2174 2126 adfert,
2256 2051 2431 2134 quod
2488 2056 2924 2121 somniaverat
2978 2073 3166 2143 pater
3213 2061 3419 2125 Anto·

1921 2152 2159 2213 ninum
2196 2151 2320 2213 sibi
2371 2175 2862 2231 successurum,
2932 2180 3122 2242 quam
3172 2161 3421 2245 repetit

1924 2273 2186 2337 quoque
2228 2257 2644 2339 Lampridius
2678 2260 2757 2338 e),
2821 2259 3148 2340 Spartiani
3185 2264 3448 2341 verisi-J

1932 2355 2156 2417 milior
2184 2356 2389 2417 altera
2420 2372 2555 2433 est,
2603 2361 2904 2442 quoniam
2945 2362 3227 2425 Severus
3273 2366 3416 2447 ipse

1931 2454 1999 2515 in
2029 2456 2236 2519 Marci
2272 2457 2582 2518 familiam
2621 2461 2896 2523 transire
2940 2465 3186 2539 voluit,
3229 2466 3420 2528 nimi-

1929 2579 2076 2618 rum
2138 2572 2211 2618 ut
2274 2557 2445 2631 sibi,
2497 2572 2691 2642 atque
2756 2561 3055 2645 imposita
3107 2548 3244 2627 filio
3289 2568 3424 2652 An·r
3496 2625 3504 2633 ,

1930 2658 2137 2719 tonini
2174 2644 2614 2740 appellatione
2642 2662 2789 2743 plus
2826 2666 3266 2743 auctoritatis,
3328 2680 3420 2728 at·

1927 2777 2058 2842 que
2091 2759 2584 2823 existimationis
2619 2763 2922 2844 publicae
2983 2782 3418 2841 accresceret,

1930 2859 2012 2921 de
2048 2880 2177 2943 quo
2208 2860 2528 2942 prolixius
2561 2862 2671 2945 egi
2706 2863 2774 2924 in
2808 2867 3058 2928 Severo
3092 2866 3171 2934 V.
3191 2869 3261 2933 C.
3294 2868 3426 2946 ql28.

1928 2960 2010 3026 ad
2065 2983 2367 3023 numum:
2422 2963 2627 3032 Dlvt.
2681 2968 2769 3026 M.
2823 2970 2955 3028 ΡΠ.
2997 2971 3072 3029 F.
3161 2970 3420 3064 Quanta

1930 3084 2089 3126 vero
2154 3064 2358 3126 fuerit
2427 3086 2503 3128 ea
2574 3081 2785 3129 aetate
2860 3071 3238 3151 superstitio
3308 3094 3424 3136 no-

1928 3165 2121 3227 minis
2170 3150 2624 3247 Antoniniani,
2683 3169 2939 3233 abunde
2992 3171 3188 3236 docet
3233 3174 3425 3237 Lam·

1927 3267 2183 3351 pridius
2232 3265 2303 3348 ί).
2543 3284 2550 3290 ”
3418 3245 3425 3254 ⁴

2055 3372 2351 3432 Severus.
2410 3373 2668 3436 Nomen
2712 3370 2922 3448 istud,
2983 3387 3128 3437 utut
3161 3396 3198 3437 a
3236 3389 3421 3458 patre

1927 3467 2442 3546 hereditarium,
2498 3491 2714 3554 neque
2759 3473 3148 3555 scriptores,
3208 3497 3424 3561 neque

1927 3572 2111 3632 numi
2161 3573 2378 3648 Latini
2424 3572 2794 3646 caracallae
2861 3573 3222 3648 adstruunt.
3304 3584 3426 3642 Ta-

1928 3693 2082 3735 men
2135 3673 2203 3733 in
2261 3674 2475 3734 numis
2528 3674 2921 3738 Graecarum
2965 3675 3233 3748 urbium
3295 3678 3429 3742 sre-

1931 3789 2209 3860 quenter
2257 3774 2497 3840 dieitur
2547 3770 3064 3853 CCOTHPOC,
3121 3792 3193 3842 ut
3229 3793 3312 3846 »εἰ
3357 3781 3424 3840 in

1932 3873 2367 3939 marmoribus
2415 3875 2664 3938 Latinis
2698 3878 2784 3957 8).

2057 3981 2233 4044 Pius.
2294 3978 2443 4040 Hoc
2475 3979 2573 4039 illi
2604 3998 2846 4041 nomen
2886 3997 3033 4040 cum
3072 3992 3296 4062 patre,
3356 3997 3423 4045 et

1931 4077 2138 4141 fratre
2195 4098 2555 4148 commune.
2627 4077 2827 4155 (Vide
2874 4080 3248 4158 Severum.)
3323 4084 3424 4145 Eo

1932 4178 2001 4242 in
2034 4179 2248 4246 nuruis
2271 4179 2373 4254 ‚uti
2399 4180 2615 4261 coepit
2633 4199 2801 4242 anno
2822 4169 3085 4246 demum
3106 4183 3254 4252 V.‚C
3275 4192 3420 4267 954.

1935 4285 2008 4348 In
2038 4302 2243 4352 numo
2280 4282 2536 4344 Graeco
2571 4275 2852 4344 netoc
2885 4278 2970 4361 h).
3029 4351 3034 4356 .
3109 4355 3114 4358 ,
3155 4345 3160 4352 ,
3193 4353 3198 4359 ,

1994 4405 2001 4408 ·
2066 4386 2273 4447 Ρεῐίω.
2336 4385 2529 4446 Hune
2563 4369 2824 4450 titulum
2854 4382 3203 4470 collegitqa
3236 4388 3427 4458 Com-

396 4625 463 4696 a)
505 4621 584 4678 ad
615 4620 828 4678 lobert.
869 4620 936 4675 T.
972 4618 1014 4676 1.
1047 4638 1107 4693 p.
1141 4619 1231 4680 60.
1343 4614 1411 4691 b)
1450 4613 1661 4692 Victor
1687 4614 1837 4673 alter
1867 4616 1926 4675 in
1957 4617 2166 4675 Carae.
2298 4616 2361 4687 c)
2402 4566 2515 4678 Dio
2545 4616 2610 4675 L.
2633 4581 2954 4678 Lxxvltt.
2996 4622 3044 4693 §-
3090 4634 3143 4695 9.
3258 4619 3326 4695 d)
3363 4617 3425 4680 in

331 4713 460 4770 δον.
494 4729 543 4770 c.
582 4723 664 4780 χο.
738 4711 800 4782 e)
840 4706 901 4764 in
932 4704 1190 4800 Diadum
1221 4725 1274 4768 c.
1309 4709 1362 4771 6.
1433 4705 1501 4781 1)
1531 4693 1569 4768 l}
1614 4727 1666 4766 c.
1777 4709 1840 4785 g)
1881 4706 2115 4768 Gruter.
2155 4726 2213 4785 p.
2244 4708 2372 4772 267·
2411 4717 2465 4771 7.
2538 4704 2608 4780 h)
2647 4706 2908 4772 Pellerin
2933 4709 3066 4768 Mel.
3100 4710 3174 4772 11.
3205 4732 3267 4793 p.
3304 4724 3422 4806 152.
3479 4777 3486 4780 ἡ
