4652 5937
1262 490 1403 574 136

1265 672 1469 759 igitur
1501 670 1758 754 integra
1798 667 1928 730 hoc
1958 665 2111 728 loco
2144 661 2507 748 Lampridii
2534 676 2756 727 aucto·

1259 776 1443 839 ritas.
1519 769 1843 865 Quoniam
1913 787 2094 851 (περὴ
2122 766 2519 828 Commodus
2567 768 2755 829 Felix

1266 875 1400 937 dici
1434 873 1666 955 incipit
1701 870 1767 932 in
1798 869 1948 932 trib.
1981 879 2304 952 potestate
2336 866 2412 926 X.
2435 911 2454 943 ,
2500 880 2569 928 et
2602 887 2757 931 con·

1267 978 1483 1039 sulattt
1529 975 1682 1048 1V.,
1742 991 1907 1055 quae
1950 983 2100 1031 sunt
2136 981 2330 1030 notae
2376 968 2526 1031 anni
2565 969 2646 1036 V.
2679 969 2753 1033 C.

1268 1076 1436 1157 938,
1511 1072 1864 1157 datumque
1937 1070 2109 1133 bunc
2188 1069 2450 1132 titulum
2509 1068 2756 1132 adserit

1267 1173 1687 1260 Lampridius
1755 1172 2098 1236 occasione
2156 1169 2478 1234 Perennis
2557 1170 2754 1246 caesi,

1264 1281 1477 1364 palam
1515 1289 1648 1349 est,
1695 1273 1868 1337 hunc
1905 1274 2133 1335 saltem
2169 1269 2418 1334 fluente
2440 1272 2567 1335 hoc
2587 1290 2757 1333 anno

1268 1381 1551 1444 violenta
1599 1392 1812 1462 morte
1851 1375 2051 1437 fuisse
2104 1374 2536 1449 exstinctum,
2599 1393 2758 1457 quo-

1265 1482 1438 1544 niam
1498 1475 1896 1542 Commodus
1951 1475 2019 1535 in
2079 1475 2292 1537 numis
2352 1473 2546 1554 hujus
2605 1470 2757 1534 anni

1271 1585 1456 1644 Felix
1488 1580 1617 1660 jam
1649 1576 1849 1639 audit.
1893 1575 2143 1669 ‘Quare
2178 1595 2456 1666 =rursum
2504 1572 2758 1635 fallitur
2806 1590 2809 1593 ’

1272 1679 1772 1750 Tillemontius‚
1834 1675 1948 1760 qui
1979 1676 2236 1737 tristem
2279 1672 2600 1736 Perennis
2653 1693 2758 1735 ca·

1272 1805 1415 1847 sum
1475 1783 1545 1842 in
1613 1799 1850 1842 annum
1905 1790 2289 1860 sequentem
2335 1774 2461 1858 939
2511 1772 2755 1838 differt.

1268 1883 1510 1968 Pagius
1555 1882 1800 1943 dictum
1847 1897 1992 1941 esse
2055 1873 2328 1940 Felicem
2369 1877 2514 1960 ipso
2557 1875 2761 1958 impe-

1269 1986 1354 2047 rii
1407 1996 1559 2068 post
1617 1979 1820 2065 patris
1882 1991 2163 2040 mortem
2229 1976 2519 2059 suscepti
2572 1975 2758 2038 initio

1274 2108 1358 2150 ex
1415 2086 1630 2147 numis
1674 2079 1922 2145 adserit
1952 2080 2043 2159 ⁸),
2105 2077 2224 2141 sed
2280 2094 2348 2142 et
2382 2077 2488 2140 bic
2523 2097 2606 2140 ex
2642 2100 2761 2139 nu·

1268 2188 1431 2264 mis,
1478 2204 1641 2269 quos
1672 2180 1960 2265 vulgavit
1993 2178 2484 2242 Mediobarbus.

1399 2282 1990 2351 GERMANtcvs.
2049 2282 2177 2343 Hic
2212 2280 2422 2344 honos
2461 2270 2783 2346 eommoe'

1273 2388 1359 2451 do
1390 2409 1473 2452 ex
1508 2386 1746 2470 elogiis
1775 2381 2035 2445 bellicis
2071 2383 2361 2445 omnium
2379 2383 2761 2447 maturrime

1273 2488 1566 2563 delatus,
1631 2499 1699 2547 et
1750 2481 2014 2568 quidem
2070 2505 2219 2547 cum
2256 2486 2497 2548 Caesar
2549 2485 2761 2547 adbuc

1276 2603 1485 2666 esset,
1544 2602 1610 2650 et
1657 2606 1740 2650 ex
1792 2584 2043 2646 meritis
2095 2584 2329 2667 patris,
2375 2599 2448 2649 ut
2479 2586 2762 2648 vidimus

1273 2689 1359 2754 ad
1405 2709 1643 2751 annum
1698 2686 1774 2751 V.
1811 2686 1882 2749 C.
1932 2684 2081 2764 928.
2162 2686 2338 2749 Huic
2397 2685 2761 2750 secundum

1272 2789 1768 2872 inscriptionem
1794 2787 2169 2861 literarum,
2215 2807 2407 2870 quam
2437 2807 2519 2850 ex
2544 2787 2761 2850 Dione

1274 2913 1473 2976 supra
1498 2887 1831 2961 dedimus,
1894 2884 2155 2947 additur
2190 2869 2593 2956 MAXIMVS
2614 2932 2632 2964 ,
2698 2903 2793 2975 et

1274 2990 1651 3074 conspirant
1683 2988 1748 3047 iu
1785 2986 1912 3048 hoc
1956 2984 2251 3069 epitheto
2297 2988 2561 3069 copiosa
2596 3009 2766 3051 mar.-

1275 3112 1492 3167 mora,
1536 3100 1601 3151 at
1629 3087 1698 3148 in
1740 3085 1954 3149 numis
1997 3086 2167 3149 illud
2212 3107 2543 3171 nunquam
2588 3108 2765 3157 com.

1274 3204 1984 3357 PargthMATICVS.
2061 3288 2439 3353 Germanici
2498 3291 2763 3354 titulum

1280 3394 1505 3478 paullo
1547 3407 1697 3475 post
1739 3405 2036 3466 secutus,
2093 3404 2164 3455 ut
2204 3390 2628 3475 probavimus
2684 3391 2768 3454 ad

1217 3550 1240 3561 Ι
1277 3516 1513 3557 annum
1549 3495 1631 3560 V.
1665 3495 1737 3556 C.
1776 3494 1922 3575 928.
1965 3496 2262 3576 Vterque
2289 3491 2450 3554 ·fere
2492 3492 2767 3556 inscribi

1280 3596 1493 3658 numia
1532 3594 1725 3657 desiit
1753 3615 1921 3656 anno
1951 3596 2032 3662 V.
2072 3594 2142 3655 C.
2182 3594 2296 3674 931
2328 3636 2347 3670 ,
2393 3582 2771 3655 αι’ωατωο-

1280 3698 1465 3760 ribus
1507 3695 1789 3758 inhaesit
1833 3708 2229 3758 constanter.

1406 3796 2016 3863 BRITANNICVS.
2063 3800 2262 3859 Teste
2294 3794 2674 3879 Lampridio
2703 3791 2770 3877 b)

1280 3901 1646 3985 appellatus
1698 3910 1799 3960 est
1834 3901 2245 3959 Britannicus
2288 3900 2372 3959 ab
2415 3901 2771 3974 adulatori,-

1282 4008 1398 4067 bus
1419 4047 1435 4078 ,
1506 4021 1649 4063 crem
1717 4002 2022 4061 Britanni
2071 4003 2268 4062 etiam
2324 4003 2767 4080 imperatorem

1280 4113 1503 4166 contra
1536 4122 1678 4164 enm
1707 4102 1946 4179 oliqero
1963 4104 2293 4164 voluerint.
2348 4099 2535 4195 Quae
2562 4100 2769 4163 fuerit

1283 4196 1426 4284 ejus
1477 4199 1865 4265 conferendi
1908 4222 2137 4278 causa,
2202 4202 2338 4264 dixi
2384 4202 2470 4264 ad
2519 4221 2759 4265 annum

1286 4302 1368 4365 V.
1397 4305 1471 4366 C.
1502 4302 1625 4384 937
1650 4346 1666 4375 ,
1711 4303 1778 4362 in
1816 4302 2001 4386 cujus
2034 4305 2244 4365 numia
2274 4317 2503 4367 certae.
2525 4300 2681 4364 fidei
2709 4300 2767 4362 is

1286 4405 1593 4489 primum,
1641 4401 1817 4488 quod
1853 4403 2014 4464 mihi
2046 4417 2325 4479 constet,
2360 4404 2769 4467 observatur.

1290 4506 1640 4589 Comparet
1682 4504 1739 4564 is
1780 4502 1993 4568 adhue
2021 4503 2090 4565 in
2133 4495 2351 4567 nuinis
2380 4504 2533 4568 anni
2577 4508 2657 4573 V.
2694 4502 2768 4566 C.

1407 4718 1465 4786 a)
1505 4713 1648 4770 crit.
1688 4716 1901 4770 Baron.
1933 4702 2009 4770 ad
2046 4735 2184 4776 ann.
2222 4716 2365 4773 Chr.
2410 4726 2535 4780 187.

2697 4716 2765 4787 b)
2810 4716 2955 4791 Cap.
2996 4726 3048 4778 8.

2447 478 3146 556 COMMODVS.

2871 674 3034 746 944,
3080 666 3198 731 sed
3240 666 3371 732 boc
3412 665 3674 728 labente
3717 686 3845 729 una
3888 685 4040 730 cum
4080 669 4350 732 nomini·

2869 766 2990 831 bus
3048 774 3259 832 Marci
3318 782 3387 831 et
3428 772 3747 860 Antonini
3798 788 3883 830 ex
3941 784 4204 833 moneta
4248 791 4353 833 ex-

2870 871 3072 932 torris
3131 885 3232 932 est
3274 869 3487 934 factus
3531 868 3895 933 ferentibus
3940 883 4155 935 tamen
4204 893 4353 936 eum

2844 970 3329 1058 *marmot-ibus.
3376 1017 3383 1024 ⁸

2995 1073 3449 1149 INVICTVS,
3534 1072 3714 1160 quod
3771 1070 3900 1136 sibi
3953 1092 4193 1136 nomen
4238 1095 4357 1160 per

2869 1173 3309 1257 arrogantiam
3385 1173 3657 1252 indidit,
3747 1194 3965 1258 neque
4033 1173 4211 1236 istud
4269 1176 4361 1236 in·

2870 1272 3059 1349 vide,
3116 1296 3264 1337 nam
3329 1289 3396 1338 et
3453 1275 3890 1340 Februarium
3946 1293 4243 1339 mensem
4296 1277 4359 1337 in

2822 1431 2825 1436 .
2869 1375 3151 1436 nominis
3194 1376 3388 1459 hujus
3423 1378 3951 1441 communionem
3994 1376 4227 1439 venire
4265 1391 4362 1438 est

2870 1496 3133 1558 passuS,
3179 1490 3253 1538 ut
3294 1477 3361 1537 in
3406 1476 3549 1559 ejus
3589 1477 3721 1541 vita
3763 1477 3847 1539 ad
3889 1500 4127 1540 annum
4167 1481 4258 1544 V.
4292 1480 4361 1541 C.

2872 1583 2995 1657 945
3018 1575 3319 1639 diximus.
3368 1571 3616 1639 Tamen
3637 1577 3704 1638 in
3718 1581 3934 1641 numis
3950 1600 4077 1641 non
4095 1580 4360 1663 legitur.

2998 1678 3470 1746 HERCVLES
3490 1678 3941 1745 ROMANVS.
3977 1679 4260 1741 Abunde
4282 1679 4362 1742 de

2872 1773 3001 1837 hoc
3082 1774 3275 1840 titulo
3361 1778 3472 1861 egi
3544 1779 3628 1841 ad
3700 1800 3904 1843 annos
3961 1782 4041 1850 V.
4080 1784 4152 1852 C.
4211 1789 4358 1862 944.

2871 1882 3017 1959 945·
3818 1927 3827 1932 ·

3000 1979 3317 2042 PATER.
3362 1980 3767 2043 PATRIAE.
3815 1982 4255 2045 Commodum
4286 1982 4367 2044 ad

2874 2100 3112 2141 annum
3154 2082 3237 2147 V.
3276 2081 3345 2142 C.
3377 2078 3502 2163 930
3550 2082 3745 2145 simul
3791 2084 4156 2168 Augustum
4200 2084 4367 2148 vidi·

2872 2202 3056 2255 mus,
3103 2180 3297 2242 simul
3339 2185 3595 2246 Patrem
3636 2187 3936 2261 Patriae,
3994 2200 4057 2247 et
4094 2186 4367 2271 quidem

2874 2279 3281 2356 imberbem,
3341 2303 3580 2344 annum
3619 2304 3855 2367 nempe
3890 2286 4119 2361 aetatis
4155 2288 4364 2354 XVII.

2876 2395 3219 2466 agentem,
3266 2383 3667 2466 sempiterno
3711 2386 3916 2470 patris
3951 2387 4209 2451 Aurelii
4260 2408 4370 2470 op-

2875 2481 3185 2563 probrie,
3228 2469 3361 2566 'qui
3408 2483 3707 2562 titulum,
3764 2508 3961 2571 quem
4021 2488 4147 2549 sibi
4203 2510 4368 2550 non·

2875 2582 3001 2644 nisi
3063 2582 3376 2645 extremis
3438 2584 3698 2668 imperii
3759 2590 3860 2650 sui
3923 2589 4103 2651 annis
4163 2589 4372 2673 appli-

2878 2683 3048 2759 cuit,
3104 2705 3254 2746 cum
3315 2682 3452 2747 filio
3509 2707 3755 2769 puero,
3819 2690 4013 2754 dulce
4058 2692 4199 2754 hoe
4231 2693 4375 2760 elo:

2879 2783 3056 2867 gium
3101 2806 3223 2868 per
3267 2784 3592 2870 cognitam
3635 2788 3764 2869 jam
3821 2804 3959 2852 tum
4024 2791 4223 2853 animi
4278 2794 4372 2855 fe-

2878 2884 3124 2948 rociam
3160 2885 3426 2947 minime
3446 2891 3809 2971 promerito
3843 2895 4372 2957 communicavit.

3001 2984 3437 3049 AMAZONH
3501 3005 3566 3050 et
3621 2993 4368 3058 ExSVPERA'rOmS

2882 3106 3033 3150 eum
3088 3108 3349 3171 quoque
3412 3089 3716 3154 habuisse
3782 3093 4079 3169 nomina,
4158 3096 4378 3159 refert

2876 3191 3099 3272 Dio'c)
3117 3236 3134 3267 ,
3181 3193 3433 3255 scilicet
3453 3191 3619 3253 illud
3642 3193 3917 3276 petitum
3936 3193 4013 3255 ab
4036 3200 4376 3260 Amazone

2880 3292 3147 3368 Marcia,
3194 3293 3321 3355 hoc
3342 3336 3358 3367 ‚
3405 3292 3583 3375 quod
3603 3314 3830 3356 omnes
3848 3294 4147 3357 homines
4167 3297 4375 3380 longe

2882 3406 3262 3475 superaret,
3328 3391 3668 3478 additque,
3726 3394 3808 3456 iis
3875 3394 4040 3458 adeo
4084 3396 4379 3461 delecta·

2881 3503 3022 3553 tum
3054 3490 3522 3569 Commodum,
3568 3507 3676 3572 ut,
3722 3495 3848 3556 etsi
3889 3498 4015 3559 alia
4059 3498 4216 3560 alias
4272 3520 4379 3560 se-

2882 3607 3200 3675 poneret,
3261 3593 3362 3655 his
3404 3615 3732 3680 nunquam
3790 3596 4169 3662 abstineret.
4242 3604 4379 3664 Te·

2886 3705 3094 3755 statur
3147 3693 3561 3777 Lampridius
3593 3694 3694 3778 d)‚
3754 3699 3986 3761 eadem
4028 3700 4169 3783 ipsa
4211 3723 4379 3785 quo·

2887 3812 3016 3877 que
3061 3793 3197 3877 legi
3253 3793 3320 3854 in
3365 3795 3790 3882 inscriptione
3829 3800 4110 3877 colossi,
4172 3823 4377 3886 quem

2840 3956 2841 3959 ,
2892 3893 3109 3956 ablato
3155 3895 3366 3977 capite
3412 3898 3587 3961 Solis
3632 3902 3832 3980 (non,
3880 3918 3949 3966 ut
3993 3904 4116 3978 ait,
4163 3907 4382 3967 Nero·

2879 3994 3016 4075 nis)
3077 3995 3202 4057 sibi
3257 3997 3811 4082 adconimodavit,
3887 4024 4119 4065 verum
4178 4006 4380 4066 aliter

2883 4094 3048 4157 haec
3098 4096 3363 4160 nomina
3407 4102 3745 4177 enunciat,
3788 4105 3957 4167 illud
4001 4124 4239 4169 vocans
4281 4111 4381 4186 es·

2804 4268 2805 4271 ¹
2872 4198 3292 4274 seminatum,
3353 4219 3590 4289 nempe
3659 4205 3739 4266 ab
3776 4207 4193 4283 Amazone„
4242 4208 4380 4272 hoc

2877 4300 3384 4381 qladiatorium,
3460 4303 3610 4388 quia
3682 4325 3997 4390 superare
4041 4308 4209 4372 alios
4237 4327 4380 4372 om-

2882 4422 3001 4464 nes
3047 4404 3479 4486 gladiatorum
3525 4419 3645 4468 est.

3014 4505 3462 4576 OLYMPIVS
3526 4505 3773 4571 dicitur
3828 4507 3895 4569 in
3937 4509 4115 4573 binis
4157 4514 4377 4577 numia

3198 4720 3257 4789 c)
3297 4718 3361 4775 L.
3399 4719 3634 4778 LXXII.
3677 4724 3727 4794 §.
3761 4730 3844 4787 15.
3997 4723 4067 4799 d)
4108 4726 4260 4804 Cap.
4302 4740 4380 4788 ιτ.
