4652 5937
1287 484 1485 562 180'
2066 473 2149 543 L.
2257 467 2914 603 SEP'I‘tMIVS
3018 471 3586 548 SEVERVS.

1194 630 1213 635 ”
1279 661 1729 730 wemma,
1825 654 2294 719 PAR'rch.
2403 657 2776 737 mmm,

1288 766 1579 826 Victoria
1609 756 1937 842 ⁴gradiens.
1983 758 2128 824 AV.
2173 757 2374 835 (Mus.
2411 759 2628 838 Caes.)
2733 760 2741 768 '

1410 867 1662 925 Numus
1698 859 2127 944 perelegans,
2190 874 2257 921 et
2289 875 2565 943 propter
2606 862 2780 925 inso-

1283 970 1529 1029 lentem
1569 964 1881 1024 hactenus
1910 962 2159 1024 amicae
2194 963 2599 1045 epigraphen
2635 984 2779 1049 spe-

1285 1066 1563 1132 ctabilis.
1610 1065 1918 1147 Signatus
1964 1075 2064 1123 est
2103 1063 2267 1141 hoc,
2314 1079 2423 1127 aut
2460 1080 2775 1148 sequente

1282 1188 1485 1239 anno;
1534 1188 1666 1228 non
1709 1166 1891 1249 prius
1931 1180 2208 1249 propter
2255 1165 2655 1228 mentionem
2698 1168 2776 1227 ti·

1279 1270 1401 1332 tuli
1440 1270 1590 1342 Pll,
1635 1287 1766 1328 non
1815 1268 2064 1342 serius,
2109 1268 2258 1350 quia
2308 1267 2621 1349 deinceps
2668 1286 2772 1329 re-

1215 1376 1224 1386 '
1277 1392 1423 1435 rum
1469 1368 1926 1432 Parthicarum
1981 1370 2230 1432 mentio
2280 1369 2351 1430 in
2403 1369 2615 1430 numia
2657 1387 2772 1430 ne-

1283 1472 1501 1553 glecta
1532 1484 1652 1533 est.

1630 1677 1707 1734 V.
1757 1674 1817 1733 C.
1859 1680 2006 1736 955.
2049 1676 2121 1733 P.
2167 1676 2249 1735 X.
2294 1680 2440 1735 202.

1282 1782 1407 1842 ΤΒ.
1463 1781 1531 1836 Ρ.
1566 1777 1650 1836 Χ.
1700 1776 1875 1834 COS.
1908 1776 2033 1833 ΙΙΙ.
2080 1775 2151 1834 Ρ.
2193 1778 2389 1835 Μ.»Ρ.
2421 1777 2492 1834 Ρ.
2540 1776 2769 1837 PJVS.

1319 1881 1558 1940 Severo
1588 1877 1805 1954 Any„
1853 1876 1940 1933 M.
1978 1876 2193 1936 Amet.
2238 1879 2567 1940 Antonino
2596 1898 2726 1940 cos.

1407 2038 1833 2144 Conusulamm
1849 2075 1963 2135 111·
2004 2096 2159 2140 cum
2190 2079 2528 2142 Caracalla
2569 2078 2636 2141 in
2657 2079 2772 2161 Sy·
2805 2110 2810 2121 ·

1269 2186 1372 2247 ria
1415 2183 1538 2243 init
1573 2182 1650 2261 ⁸).
1711 2178 2055 2251 Arabiam,
2116 2180 2587 2254 Palaestinam,
2645 2178 2771 2242 A'e·

1278 2300 1551 2371 gyptum
1586 2282 1716 2344 adit
1739 2324 1756 2355 ,
1818 2281 2250 2364 omnibusque
2286 2280 2381 2340 ibi
2417 2282 2768 2363 perlustra·

1270 2392 1356 2451 tis
1406 2388 1686 2447 Romam
1738 2382 2127 2456 revertitur,
2191 2394 2344 2446 vota
2387 2381 2768 2445 decennalia

1274 2488 1505 2560 solvit,
1589 2482 1990 2567 suscipitque
2052 2482 2293 2559 altera,
2368 2483 2767 2546 Caracallam

1272 2610 1421 2655 cum
1461 2585 1769 2648 Plautilla
1812 2584 2222 2646 matrimonio
2252 2584 2467 2667 jungit
2495 2581 2585 2665 1’).

1398 2691 1806 2773 Magnopere
1837 2685 2226 2747 dissentiunt
2248 2686 2510 2763 eruditi,
2546 2699 2763 2748 utrum

1270 2794 1560 2855 Severus
1594 2789 1723 2849 hoc
1757 2809 1927 2850 anno
1950 2831 1967 2862 ‚
2030 2800 2248 2848 utrum
2284 2801 2600 2870 sequente
2634 2790 2766 2849 Ro-

1266 2914 1441 2956 mam
1487 2890 1695 2951 redux
1754 2907 1837 2948 ex
1892 2886 2595 2961 Oriente'advenerit‚
2660 2906 2763 2949 ea·

1265 3015 1393 3080 que
1436 2992 1689 3063 onmia,
1750 3008 1915 3072 quae
1956 2987 2123 3062 dixi,
2185 2989 2544 3070 peregerit.
2587 2987 2763 3057 Vtri-

1267 3113 1476 3179 usque
1525 3090 1884 3152 sententiae
1929 3089 2187 3172 patroni
2238 3111 2473 3151 numos
2527 3110 2762 3174 suppe-

1268 3199 1391 3259 tias
1408 3205 1640 3259 vocant
1661 3191 2007 3274 inscriptos
2030 3212 2048 3268 ;
2095 3191 2477 3258 ADVENT.
2499 3195 2758 3259 AVGG.

1258 3313 1332 3360 et
1380 3297 1589 3365 VOT.
1635 3294 1867 3362 SVSC.
1918 3293 2153 3368 DEC.,
2229 3293 2350 3353 sed
2394 3295 2758 3370 incassum;

1267 3419 1415 3459 nam
1453 3395 1605 3466 trib.
1644 3409 1930 3478 potestas
1957 3393 2039 3456 X.
2067 3438 2084 3467 ‚
2152 3415 2343 3477 quam
2379 3396 2759 3478 inscriptam

1269 3499 1340 3559 hi
1374 3497 1554 3559 numi
1574 3496 1918 3575 exhibent,
1948 3496 2313 3559 secundum
2333 3514 2562 3558 eorum
2592 3497 2762 3580 ipso-

1266 3622 1413 3661 rum
1459 3597 1844 3660 sententiam
1890 3598 2057 3679 parti
2093 3598 2426 3681 sequentis
2469 3599 2621 3660 anni
2657 3618 2764 3661 co-

1263 3701 1533 3775 incidit,
1595 3712 1662 3760 et
1713 3699 2265 3783 quodasequitur,
2322 3712 2583 3781 tempus
2621 3718 2764 3762 cer-

1262 3818 1399 3864 tum
1440 3801 1585 3863 erui
1632 3820 1712 3861 ex
1735 3800 1865 3860 illis
1902 3799 2148 3884 nequit.
2218 3801 2414 3862 Enim
2450 3822 2610 3864 vero
2649 3803 2762 3864 Xi-

1261 3902 1551 3985 philinus
1617 3921 1697 3961 ex
1747 3901 1961 3962 Dione
2017 3891 2275 3984 nuptias
2346 3904 2759 3981 Carmania,

1261 4017 1330 4065 et
1382 4002 1750 4085 spectacula
1814 4022 1963 4065 eum
2027 4016 2308 4093 propter
2366 4005 2759 4068 decennium

1260 4097 1703 4187 principatus,
1776 4117 1912 4166 tum
1969 4118 2245 4188 propter
2302 4106 2587 4170 reditum
2631 4109 2761 4170 Au·

1265 4219 1606 4287 gnatorum
1660 4205 1894 4267 eodem
1931 4218 2233 4288 tempore
2270 4208 2601 4271 celebrata
2651 4228 2756 4270 re·

1256 4303 1393 4366 fert.
1427 4304 1689 4395 quidem
1712 4349 1728 4380 ‚
1777 4306 1895 4370 sed
1937 4327 2174 4368 annum
2207 4308 2445 4372 reticet
2475 4308 2561 4389 ὓ).
2618 4308 2751 4371 Til·

2891 655 3244 717 lemontius
3292 670 3811 741 anno-sequente
3842 662 4118 726 Romam
4155 688 4365 735 rever·

2892 779 3037 820 sum
3101 757 3356 831 statuit,
3419 759 3725 842 quoniam
3778 758 3906 822 boc
3950 763 4162 832 adhuc
4202 793 4362 838 anno

2893 858 2960 919 in
3000 857 3183 939 Syria
3229 855 3384 933 fuit,
3444 858 3622 942 quod
3659 874 3910 923 certum
3950 881 4051 928 est
4083 888 4167 931 ex
4207 871 4363 937 inito

2892 960 2958 1019 in
3003 960 3123 1022 hac
3162 958 3541 1052 eonsulatu,
3588 975 3725 1023 tum
3777 964 3953 1046 quod
3997 967 4129 1032 hoc
4187 995 4371 1056 prae·

2890 1075 3073 1123 terea
3116 1081 3283 1122 anno
3337 1061 3676 1138 Arabiam,
3736 1065 4203 1157 Palaestinam,
4246 1075 4372 1139 Ae-

2892 1178 3198 1247 gyptum,
3247 1161 3653 1225 Thebaidem
3694 1164 3893 1227 rebus
3938 1170 4235 1236 omnibus
4283 1193 4374 1240 at·

2884 1277 3064 1325 tente
3104 1263 3414 1343 inspectis
3469 1281 3853 1351 peragratas
3899 1282 4029 1346 est,
4089 1272 4371 1362 deniqne

2883 1385 3014 1426 non
3046 1365 3282 1427 itinere
3327 1368 3691 1443 maritimo,
3736 1369 3854 1431 sed
3887 1378 4190 1437 terrestri
4245 1400 4372 1462 per

2881 1465 3358 1548 Cappadociam
3380 1514 3395 1544 ‚
3425 1468 3796 1550 Bithyniam
3821 1516 3837 1546 ‚
3876 1471 4207 1553 Illyricum
4233 1481 4374 1543 Ro·

2882 1588 3050 1627 mam
3103 1566 3376 1645 redivit,
3439 1591 3603 1653 quae
3634 1571 3904 1655 quidem
3957 1577 4172 1653 omnia
4218 1581 4370 1663 plus

2885 1687 3098 1730 annuo
3144 1668 3351 1751 spatio
3397 1670 3668 1754 exigunt
3699 1669 3786 1752 d).
3845 1676 3929 1736 At
3976 1694 4136 1740 vero
4171 1693 4379 1744 terre-

2886 1782 3021 1829 stre
3048 1766 3216 1829 illud
3247 1768 3404 1843 iter,
3453 1772 3628 1855 quod
3659 1774 3760 1838 vir
3806 1776 4103 1839 eruditus
4142 1799 4223 1841 ex
4255 1781 4377 1844 du·

2885 1868 2996 1931 bio
3025 1871 3258 1930 Dionis
3300 1869 3481 1946 loco,
3529 1886 3724 1958 atque
3756 1878 3968 1942 altero
3986 1881 4375 1959 Herodiani,

2886 1971 3337 2047 manifestiore
3389 1973 3687 2058 quidem,
3750 1979 3869 2040 sed
3916 2002 4112 2064 quem
4157 1984 4377 2048 minus

2885 2086 3028 2135 tuto
3061 2073 3127 2134 in
3156 2072 3455 2163 omnibus
3477 2097 3787 2157 sequare,
3827 2083 4037 2156 eruit,
4083 2087 4375 2152 nondum

2886 2166 3325 2238 satis'certum
3348 2221 3364 2253 ,
3411 2179 3566 2260 quin
3598 2179 3799 2243 fuisse
3834 2184 4227 2263 maritimum
4258 2212 4380 2271 po·

2883 2278 3013 2340 tius
3036 2320 3051 2351 ,
3099 2275 3434 2342 luculente
3453 2265 3760 2344 evincunt
3786 2264 3968 2345 numi
4003 2289 4380 2355 caracallae

2881 2377 3220 2460 inscripti:
3278 2381 3772 2451 ADVENTVS.
3826 2386 4127 2466 AVGG.‚
4207 2414 4379 2475 quos

2881 2481 3300 2545 recitabimus
3337 2481 3406 2542 in
3440 2485 3769 2548 Caracalla
3806 2486 3890 2548 ad
3918 2510 4155 2552 annum
4187 2514 4380 2577 prae-

2882 2597 3156 2646 sentem.
3229 2587 3524 2669 Cumque
3576 2601 3920 2669 praeterea
3967 2590 4050 2652 de
4093 2591 4380 2659 incredi-

2882 2685 2999 2745 bili
3054 2684 3286 2748 Severi
3324 2685 3391 2763 in
3441 2686 3757 2750 faciendis
3800 2689 4146 2754 itineribus
4191 2698 4380 2763 velo-

2880 2786 3073 2849 citate
3129 2801 3422 2860 constet,
3497 2788 3693 2851 facile
3750 2789 3896 2853 fieri
3940 2809 4232 2877 poterat,
4300 2817 4378 2865 ut

2876 2902 3027 2971 post
3063 2888 3392 2950 Kalendas
3423 2891 3554 2950 Ian.
3598 2892 3746 2953 anni
3781 2900 4145 2976 praesentis
4169 2945 4187 2978 ,
4232 2903 4377 2987 qui-

2877 2988 2997 3050 bus
3036 2991 3445 3054 consulatum
3477 2992 3585 3052 111.
3624 2990 3692 3054 in
3724 2994 3908 3073 Syria
3967 2997 4192 3077 inivit,
4253 3007 4377 3068 Pa·

2877 3091 3217 3153 laestinam
3292 3106 3360 3153 et
3412 3094 3785 3176 Aegyptum
3853 3097 4206 3179 inviseret,
4306 3121 4379 3170 et

2873 3207 3159 3255 exeunte
3198 3195 3594 3256 autumnoin
3631 3196 3798 3257 urbe
3833 3197 4126 3278 adesset,
4176 3217 4373 3291 atque

2877 3294 3004 3356 hoc
3039 3294 3249 3357 adbuc
3278 3315 3446 3357 anno
3477 3296 3733 3380 nuptias
3769 3295 3924 3374 filii,
3971 3302 4227 3389 aliaque
4267 3329 4372 3372 so·

2875 3396 3094 3458 lenuia
3142 3410 3390 3479 ageret.
3453 3396 3687 3462 Paucis
3714 3413 3787 3460 ut
3819 3421 3961 3464 rem
4003 3403 4373 3488 absolvam,

2878 3517 3027 3560 cum
3073 3497 3435 3561 tribunatus
3484 3500 3565 3560 X.
3624 3501 3910 3580 Severi,
3939 3519 4006 3566 et
4050 3507 4130 3574 V.
4178 3510 4374 3573 Cara·

2879 3598 3124 3673 callae,
3203 3599 3315 3683 qui
3364 3593 3466 3661 his
3516 3599 3892 3678 Adventus,
3951 3607 4369 3691 Nuptiarum,

2879 3712 2949 3761 et
3003 3701 3326 3767 Votorum
3377 3701 3592 3764 numis
3648 3701 3950 3787 inscripti
3995 3723 4182 3786 sunt,
4256 3729 4371 3774 ne·

2875 3822 3195 3886 quaquam
3231 3801 3297 3863 in
3329 3819 3719 3890 sequentem
3761 3823 3833 3864 se
3868 3827 4111 3871 annum
4150 3813 4369 3894 porri·

2876 3915 3067 3986 gant,
3136 3916 3207 3966 ut
3248 3901 3631 3968 docebimus
3660 3906 3732 3966 in
3774 3924 4054 3975 tractatu
4085 3911 4167 3974 de
4211 3913 4365 3975 trib.

2871 4016 3234 4088 potestate,
3280 4021 3532 4069 certum
3570 4011 3764 4072 etiam
3805 4012 3956 4076 inde
3990 4011 4097 4090 fit,
4139 4027 4211 4076 et
4247 4015 4368 4077 Se·

2872 4126 3104 4180 verum
3164 4107 3291 4171 hoe
3350 4107 3587 4174 adhuc·
3626 4132 3836 4188 anno,
3911 4127 3979 4177 et
4030 4113 4101 4175 in
4160 4114 4367 4177 tribu·

2867 4223 3024 4270 natu
3072 4208 3153 4273 X.
3217 4210 3584 4292 ingressum
3643 4213 3847 4276 fuisse
3904 4217 4222 4292 Romam,
4295 4229 4369 4278 et

2825 4367 2828 4376 .
2870 4309 3248 4375 caracallae
3276 4311 3534 4394 nuptias
3571 4313 3966 4379 celebrasse.

1406 4465 1409 4468 “
2363 4445 2366 4450 >
4319 4459 4324 4478 1

1330 4656 1394 4727 a)
1432 4653 1628 4728 Spart.
1673 4672 1722 4709 c.
1760 4664 1842 4716 17.

1260 4744 1325 4803 in
1362 4744 1597 4803 Severo.

2147 4650 2215 4723 h)
2255 4651 2370 4709 Dio
2408 4652 2472 4708 L.
2512 4653 2776 4714 LXXVI.
2818 4669 2871 4715 ι.

3168 4659 3228 4728 c)
3268 4656 3332 4713 L.
3374 4657 3589 4718 XXVI.
3631 4672 3688 4720 1.
3871 4731 3880 4737 ⁴
3979 4660 4051 4735 d)
4089 4663 4241 4723 Nota
4271 4673 4359 4725 24.
