<?xml version="1.0" encoding="UTF-8"?>
<!DOCTYPE html PUBLIC "-//W3C//DTD XHTML 1.0 Transitional//EN"
    "http://www.w3.org/TR/xhtml1/DTD/xhtml1-transitional.dtd">
<html xmlns="http://www.w3.org/1999/xhtml" xml:lang="en" lang="en">
 <head>
  <title>
</title>
<meta http-equiv="Content-Type" content="text/html;charset=utf-8" />
  <meta name='ocr-system' content='tesseract 3.04.00' />
  <meta name='ocr-capabilities' content='ocr_page ocr_carea ocr_par ocr_line ocrx_word'/>
</head>
<body>
  <div class='ocr_page' id='page_1' title='image "./doctrinanumorum05hohlgoog_0406.png"; bbox 0 0 4652 5937; ppageno 0'>
   <div class='ocr_carea' id='block_1_1' title="bbox 1311 423 1454 492">
    <p class='ocr_par' dir='ltr' id='par_1_1' title="bbox 1311 423 1454 492">
     <span class='ocr_line' id='line_1_1' title="bbox 1311 423 1454 492; baseline 0.014 -2"><span class='ocrx_word' id='word_1_1' title='bbox 1311 423 1454 492; x_wconf 64' lang='lat'><strong>³13</strong></span> 
     </span>
    </p>
   </div>
   <div class='ocr_carea' id='block_1_2' title="bbox 1303 586 2805 776">
    <p class='ocr_par' dir='ltr' id='par_1_2' title="bbox 1303 586 2805 776">
     <span class='ocr_line' id='line_1_2' title="bbox 1303 586 2805 671; baseline -0.002 -15"><span class='ocrx_word' id='word_1_2' title='bbox 1303 590 1382 656; x_wconf 88' lang='lat' dir='ltr'><strong>P.</strong></span> <span class='ocrx_word' id='word_1_3' title='bbox 1403 586 1651 662; x_wconf 61' lang='lat' dir='ltr'><strong>ETR.</strong></span> <span class='ocrx_word' id='word_1_4' title='bbox 1682 589 1759 653; x_wconf 94' lang='lat' dir='ltr'><strong>P.</strong></span> <span class='ocrx_word' id='word_1_5' title='bbox 1778 586 1858 655; x_wconf 80' lang='lat' dir='ltr'><strong>V.</strong></span> <span class='ocrx_word' id='word_1_6' title='bbox 1892 586 2082 653; x_wconf 88' lang='lat' dir='ltr'><strong>COS.</strong></span> <span class='ocrx_word' id='word_1_7' title='bbox 2101 586 2242 651; x_wconf 88' lang='lat'><strong>1111.</strong></span> <span class='ocrx_word' id='word_1_8' title='bbox 2271 587 2351 651; x_wconf 87' lang='lat' dir='ltr'><strong>P.</strong></span> <span class='ocrx_word' id='word_1_9' title='bbox 2380 587 2455 651; x_wconf 87' lang='lat' dir='ltr'><strong>P.</strong></span> <span class='ocrx_word' id='word_1_10' title='bbox 2496 592 2666 671; x_wconf 71' lang='lat' dir='ltr'><strong>typis</strong></span> <span class='ocrx_word' id='word_1_11' title='bbox 2690 612 2805 653; x_wconf 83' lang='lat' dir='ltr'><strong>va-</strong></span> 
     </span>
     <span class='ocr_line' id='line_1_3' title="bbox 1306 689 2684 776; baseline -0.001 -19"><span class='ocrx_word' id='word_1_12' title='bbox 1306 689 1448 757; x_wconf 65' lang='lat' dir='ltr'><strong>riis.</strong></span> <span class='ocrx_word' id='word_1_13' title='bbox 1490 694 1629 757; x_wconf 80' lang='lat' dir='ltr'><strong>AR.</strong></span> <span class='ocrx_word' id='word_1_14' title='bbox 1668 694 1869 774; x_wconf 77' lang='lat' dir='ltr'><strong>(Mus.</strong></span> <span class='ocrx_word' id='word_1_15' title='bbox 1891 691 2105 770; x_wconf 80' lang='lat' dir='ltr'><strong>Caes.)</strong></span> <span class='ocrx_word' id='word_1_16' title='bbox 2138 692 2276 756; x_wconf 85' lang='lat' dir='ltr'><strong>AE.</strong></span> <span class='ocrx_word' id='word_1_17' title='bbox 2310 691 2684 776; x_wconf 84' lang='lat' dir='ltr'><strong>11.(Band.)</strong></span> 
     </span>
    </p>
   </div>
   <div class='ocr_carea' id='block_1_3' title="bbox 1392 866 2685 1063">
    <p class='ocr_par' dir='ltr' id='par_1_3' title="bbox 1392 866 2685 1063">
     <span class='ocr_line' id='line_1_4' title="bbox 1654 866 2457 959; baseline 0.001 -1"><span class='ocrx_word' id='word_1_18' title='bbox 1654 899 1727 958; x_wconf 81' lang='lat' dir='ltr'><strong>V.</strong></span> <span class='ocrx_word' id='word_1_19' title='bbox 1763 897 1824 956; x_wconf 81' lang='lat' dir='ltr'><strong>c.</strong></span> <span class='ocrx_word' id='word_1_20' title='bbox 1859 902 2044 957; x_wconf 75' lang='lat'><strong>1011.</strong></span> <span class='ocrx_word' id='word_1_21' title='bbox 2087 896 2160 958; x_wconf 92' lang='lat' dir='ltr'><strong>P.</strong></span> <span class='ocrx_word' id='word_1_22' title='bbox 2196 896 2278 956; x_wconf 84' lang='lat' dir='ltr'><strong>X.</strong></span> <span class='ocrx_word' id='word_1_23' title='bbox 2307 866 2457 959; x_wconf 66' lang='lat'><strong>258.</strong></span> 
     </span>
     <span class='ocr_line' id='line_1_5' title="bbox 1392 997 2685 1063; baseline -0.003 -1"><span class='ocrx_word' id='word_1_24' title='bbox 1392 1000 1536 1062; x_wconf 60' lang='grc' dir='ltr'><strong>ΤΒ.</strong></span> <span class='ocrx_word' id='word_1_25' title='bbox 1581 999 1652 1057; x_wconf 92' lang='grc' dir='ltr'><strong>Ρ.</strong></span> <span class='ocrx_word' id='word_1_26' title='bbox 1703 999 1813 1058; x_wconf 73' lang='lat'><strong>71.</strong></span> <span class='ocrx_word' id='word_1_27' title='bbox 1863 998 2039 1057; x_wconf 77' lang='lat' dir='ltr'><strong>eos.</strong></span> <span class='ocrx_word' id='word_1_28' title='bbox 2083 998 2201 1056; x_wconf 67' lang='grc' dir='ltr'><strong>ιν.</strong></span> <span class='ocrx_word' id='word_1_29' title='bbox 2244 999 2317 1059; x_wconf 91' lang='grc' dir='ltr'><strong>Ρ.</strong></span> <span class='ocrx_word' id='word_1_30' title='bbox 2363 1000 2451 1058; x_wconf 78' lang='grc' dir='ltr'><strong>Μ.</strong></span> <span class='ocrx_word' id='word_1_31' title='bbox 2500 998 2562 1063; x_wconf 86' lang='grc' dir='ltr'><strong>Ρ.</strong></span> <span class='ocrx_word' id='word_1_32' title='bbox 2611 997 2685 1059; x_wconf 92' lang='grc' dir='ltr'><strong>Ρ.</strong></span> 
     </span>
    </p>
   </div>
   <div class='ocr_carea' id='block_1_4' title="bbox 1559 1100 2544 1174">
    <p class='ocr_par' dir='ltr' id='par_1_4' title="bbox 1559 1100 2544 1174">
     <span class='ocr_line' id='line_1_6' title="bbox 1559 1100 2544 1174; baseline -0.001 -12"><span class='ocrx_word' id='word_1_33' title='bbox 1559 1101 1859 1162; x_wconf 75' lang='lat' dir='ltr'><strong>Memmio</strong></span> <span class='ocrx_word' id='word_1_34' title='bbox 1893 1101 2095 1160; x_wconf 72' lang='grc' dir='ltr'><strong>Τωεο</strong></span> <span class='ocrx_word' id='word_1_35' title='bbox 2111 1140 2128 1174; x_wconf 90' lang='grc'><em>,</em></span> <span class='ocrx_word' id='word_1_36' title='bbox 2173 1100 2379 1160; x_wconf 66' lang='lat' dir='ltr'><em>Basso</em></span> <span class='ocrx_word' id='word_1_37' title='bbox 2414 1117 2544 1161; x_wconf 73' lang='lat' dir='ltr'><strong>coa.</strong></span> 
     </span>
    </p>
   </div>
   <div class='ocr_carea' id='block_1_5' title="bbox 1435 1296 2805 1384">
    <p class='ocr_par' dir='ltr' id='par_1_5' title="bbox 1435 1296 2805 1384">
     <span class='ocr_line' id='line_1_7' title="bbox 1435 1296 2805 1384; baseline -0.001 -19"><span class='ocrx_word' id='word_1_38' title='bbox 1435 1298 1829 1365; x_wconf 76' lang='lat' dir='ltr'>Valerianus</span> <span class='ocrx_word' id='word_1_39' title='bbox 1872 1296 2184 1362; x_wconf 78' lang='lat' dir='ltr'><strong>adversus</strong></span> <span class='ocrx_word' id='word_1_40' title='bbox 2229 1300 2551 1384; x_wconf 86' lang='lat' dir='ltr'><strong>Saporem</strong></span> <span class='ocrx_word' id='word_1_41' title='bbox 2602 1298 2805 1384; x_wconf 83' lang='lat' dir='ltr'><strong>profi-</strong></span> 
     </span>
    </p>
   </div>
   <div class='ocr_carea' id='block_1_6' title="bbox 1307 1398 2807 1483">
    <p class='ocr_par' dir='ltr' id='par_1_6' title="bbox 1307 1398 2807 1483">
     <span class='ocr_line' id='line_1_8' title="bbox 1307 1398 2807 1483; baseline 0 -19"><span class='ocrx_word' id='word_1_42' title='bbox 1307 1398 1615 1475; x_wconf 82' lang='lat' dir='ltr'><strong>ciscitur,</strong></span> <span class='ocrx_word' id='word_1_43' title='bbox 1664 1399 1777 1482; x_wconf 87' lang='lat' dir='ltr'><strong>qui</strong></span> <span class='ocrx_word' id='word_1_44' title='bbox 1813 1414 1996 1483; x_wconf 85' lang='lat' dir='ltr'><strong>capta</strong></span> <span class='ocrx_word' id='word_1_45' title='bbox 2026 1399 2155 1482; x_wconf 87' lang='lat' dir='ltr'><strong>jam</strong></span> <span class='ocrx_word' id='word_1_46' title='bbox 2199 1403 2377 1464; x_wconf 88' lang='lat' dir='ltr'><strong>omni</strong></span> <span class='ocrx_word' id='word_1_47' title='bbox 2410 1401 2554 1465; x_wconf 80' lang='lat' dir='ltr'><strong>fere</strong></span> <span class='ocrx_word' id='word_1_48' title='bbox 2585 1405 2807 1466; x_wconf 83' lang='lat' dir='ltr'><strong>Meso-</strong></span> 
     </span>
    </p>
   </div>
   <div class='ocr_carea' id='block_1_7' title="bbox 1283 1499 2799 1885">
    <p class='ocr_par' dir='ltr' id='par_1_7' title="bbox 1283 1499 2799 1885">
     <span class='ocr_line' id='line_1_9' title="bbox 1304 1499 2799 1589; baseline 0.003 -25"><span class='ocrx_word' id='word_1_49' title='bbox 1304 1499 1594 1583; x_wconf 79' lang='lat' dir='ltr'><strong>potamia</strong></span> <span class='ocrx_word' id='word_1_50' title='bbox 1642 1500 2055 1562; x_wconf 83' lang='lat' dir='ltr'>Antiochiam</span> <span class='ocrx_word' id='word_1_51' title='bbox 2099 1501 2306 1583; x_wconf 85' lang='lat' dir='ltr'><strong>ipsam</strong></span> <span class='ocrx_word' id='word_1_52' title='bbox 2371 1502 2553 1566; x_wconf 83' lang='lat' dir='ltr'><strong>ferro</strong></span> <span class='ocrx_word' id='word_1_53' title='bbox 2604 1518 2799 1589; x_wconf 83' lang='lat' dir='ltr'><strong>atque</strong></span> 
     </span>
     <span class='ocr_line' id='line_1_10' title="bbox 1301 1600 2798 1686; baseline 0.004 -22"><span class='ocrx_word' id='word_1_54' title='bbox 1301 1603 1461 1686; x_wconf 85' lang='lat' dir='ltr'><strong>igne</strong></span> <span class='ocrx_word' id='word_1_55' title='bbox 1536 1600 1885 1686; x_wconf 81' lang='lat' dir='ltr'><strong>populatus</strong></span> <span class='ocrx_word' id='word_1_56' title='bbox 1959 1614 2080 1663; x_wconf 84' lang='lat' dir='ltr'><strong>est.</strong></span> <span class='ocrx_word' id='word_1_57' title='bbox 2168 1602 2373 1681; x_wconf 75' lang='lat' dir='ltr'><strong>(Vide</strong></span> <span class='ocrx_word' id='word_1_58' title='bbox 2439 1605 2798 1670; x_wconf 85' lang='lat' dir='ltr'><strong>Tillemon·</strong></span> 
     </span>
     <span class='ocr_line' id='line_1_11' title="bbox 1307 1700 2542 1781; baseline 0.006 -16"><span class='ocrx_word' id='word_1_59' title='bbox 1307 1700 1531 1781; x_wconf 84' lang='lat' dir='ltr'><strong>tium.)</strong></span> <span class='ocrx_word' id='word_1_60' title='bbox 2538 1770 2542 1773; x_wconf 80' lang='grc'><strong>.</strong></span> 
     </span>
     <span class='ocr_line' id='line_1_12' title="bbox 1283 1799 2547 1885; baseline 0.006 -21"><span class='ocrx_word' id='word_1_61' title='bbox 1283 1852 1296 1864; x_wconf 85' lang='grc'><em>,</em></span> <span class='ocrx_word' id='word_1_62' title='bbox 1410 1799 1689 1865; x_wconf 75' lang='lat' dir='ltr'><strong>Desunt</strong></span> <span class='ocrx_word' id='word_1_63' title='bbox 1722 1801 1893 1865; x_wconf 90' lang='lat' dir='ltr'><strong>certi</strong></span> <span class='ocrx_word' id='word_1_64' title='bbox 1927 1800 2121 1885; x_wconf 78' lang='lat' dir='ltr'><strong>hujus</strong></span> <span class='ocrx_word' id='word_1_65' title='bbox 2161 1804 2313 1868; x_wconf 81' lang='lat' dir='ltr'><strong>anni</strong></span> <span class='ocrx_word' id='word_1_66' title='bbox 2341 1806 2547 1872; x_wconf 86' lang='lat' dir='ltr'><strong>numi.</strong></span> 
     </span>
    </p>
   </div>
   <div class='ocr_carea' id='block_1_8' title="bbox 1396 2011 2712 2289">
    <p class='ocr_par' dir='ltr' id='par_1_8' title="bbox 1396 2011 2712 2289">
     <span class='ocr_line' id='line_1_13' title="bbox 1640 2011 2497 2078; baseline 0.001 -7"><span class='ocrx_word' id='word_1_67' title='bbox 1640 2011 1716 2071; x_wconf 76' lang='lat' dir='ltr'><strong>V.</strong></span> <span class='ocrx_word' id='word_1_68' title='bbox 1765 2011 1826 2070; x_wconf 82' lang='lat' dir='ltr'><strong>C·</strong></span> <span class='ocrx_word' id='word_1_69' title='bbox 1878 2016 2061 2072; x_wconf 77' lang='grc'><strong>1012.</strong></span> <span class='ocrx_word' id='word_1_70' title='bbox 2105 2011 2176 2070; x_wconf 96' lang='grc' dir='ltr'><strong>Ρ.</strong></span> <span class='ocrx_word' id='word_1_71' title='bbox 2222 2012 2497 2078; x_wconf 79' lang='lat' dir='ltr'><strong>X.&#39;259.</strong></span> 
     </span>
     <span class='ocr_line' id='line_1_14' title="bbox 1396 2110 2712 2205; baseline 0.004 -31"><span class='ocrx_word' id='word_1_72' title='bbox 1396 2110 1520 2174; x_wconf 73' lang='lat' dir='ltr'><strong>m.</strong></span> <span class='ocrx_word' id='word_1_73' title='bbox 1567 2111 1638 2205; x_wconf 93' lang='lat' dir='ltr'><strong>P.</strong></span> <span class='ocrx_word' id='word_1_74' title='bbox 1691 2111 1835 2173; x_wconf 83' lang='lat' dir='ltr'><strong>VII.</strong></span> <span class='ocrx_word' id='word_1_75' title='bbox 1885 2112 2062 2175; x_wconf 83' lang='lat' dir='ltr'><strong>COS.</strong></span> <span class='ocrx_word' id='word_1_76' title='bbox 2106 2115 2222 2174; x_wconf 85' lang='lat' dir='ltr'><strong>IV·</strong></span> <span class='ocrx_word' id='word_1_77' title='bbox 2269 2116 2340 2177; x_wconf 91' lang='lat' dir='ltr'><strong>P.</strong></span> <span class='ocrx_word' id='word_1_78' title='bbox 2389 2116 2480 2177; x_wconf 85' lang='lat' dir='ltr'><strong>M.</strong></span> <span class='ocrx_word' id='word_1_79' title='bbox 2524 2115 2594 2176; x_wconf 90' lang='lat' dir='ltr'><strong>P.</strong></span> <span class='ocrx_word' id='word_1_80' title='bbox 2641 2116 2712 2179; x_wconf 91' lang='lat' dir='ltr'><strong>P.</strong></span> 
     </span>
     <span class='ocr_line' id='line_1_15' title="bbox 1629 2213 2462 2289; baseline 0.001 -14"><span class='ocrx_word' id='word_1_81' title='bbox 1629 2213 1999 2275; x_wconf 71' lang='lat' dir='ltr'><strong>Aemiliano</strong></span> <span class='ocrx_word' id='word_1_82' title='bbox 2019 2255 2037 2289; x_wconf 90' lang='lat'><strong>,</strong></span> <span class='ocrx_word' id='word_1_83' title='bbox 2082 2215 2289 2277; x_wconf 69' lang='lat' dir='ltr'><strong>Basso</strong></span> <span class='ocrx_word' id='word_1_84' title='bbox 2332 2235 2462 2277; x_wconf 73' lang='lat' dir='ltr'><strong>coe.</strong></span> 
     </span>
    </p>
   </div>
   <div class='ocr_carea' id='block_1_9' title="bbox 1185 2413 2803 2802">
    <p class='ocr_par' dir='ltr' id='par_1_9' title="bbox 1429 2413 2799 2509">
     <span class='ocr_line' id='line_1_16' title="bbox 1429 2413 2799 2509; baseline 0.007 -32"><span class='ocrx_word' id='word_1_85' title='bbox 1429 2416 1696 2480; x_wconf 81' lang='lat' dir='ltr'><strong>Bellum</strong></span> <span class='ocrx_word' id='word_1_86' title='bbox 1713 2413 2049 2482; x_wconf 84' lang='lat' dir='ltr'><strong>Valeriani</strong></span> <span class='ocrx_word' id='word_1_87' title='bbox 2068 2436 2218 2479; x_wconf 91' lang='lat' dir='ltr'><strong>cum</strong></span> <span class='ocrx_word' id='word_1_88' title='bbox 2244 2418 2490 2494; x_wconf 72' lang='lat' dir='ltr'><strong>Pet-sis,</strong></span> <span class='ocrx_word' id='word_1_89' title='bbox 2528 2420 2799 2509; x_wconf 82' lang='lat' dir='ltr'><strong>ejusque</strong></span> 
     </span>
    </p>

    <p class='ocr_par' dir='ltr' id='par_1_10' title="bbox 1185 2517 2803 2604">
     <span class='ocr_line' id='line_1_17' title="bbox 1185 2517 2803 2604; baseline -0.005 -22"><span class='ocrx_word' id='word_1_90' title='bbox 1185 2535 1203 2559; x_wconf 80' lang='lat'>⁸</span> <span class='ocrx_word' id='word_1_91' title='bbox 1305 2518 1547 2582; x_wconf 84' lang='lat' dir='ltr'><strong>ducum</strong></span> <span class='ocrx_word' id='word_1_92' title='bbox 1596 2536 1745 2579; x_wconf 91' lang='lat' dir='ltr'><strong>cum</strong></span> <span class='ocrx_word' id='word_1_93' title='bbox 1812 2517 2072 2597; x_wconf 59' lang='lat' dir='ltr'><strong>Scxthis</strong></span> <span class='ocrx_word' id='word_1_94' title='bbox 2137 2521 2545 2604; x_wconf 79' lang='lat' dir='ltr'><strong>Bithyniam,</strong></span> <span class='ocrx_word' id='word_1_95' title='bbox 2618 2529 2803 2589; x_wconf 70' lang='lat' dir='ltr'><strong>Moe-</strong></span> 
     </span>
    </p>

    <p class='ocr_par' dir='ltr' id='par_1_11' title="bbox 1302 2619 2799 2802">
     <span class='ocr_line' id='line_1_18' title="bbox 1302 2619 2799 2694; baseline 0.003 -11"><span class='ocrx_word' id='word_1_96' title='bbox 1302 2620 1507 2694; x_wconf 80' lang='lat' dir='ltr'><strong>siam,</strong></span> <span class='ocrx_word' id='word_1_97' title='bbox 1579 2619 1932 2681; x_wconf 82' lang='lat' dir='ltr'><strong>Thraciam</strong></span> <span class='ocrx_word' id='word_1_98' title='bbox 2002 2621 2348 2684; x_wconf 79' lang='lat' dir='ltr'><strong>atrociter</strong></span> <span class='ocrx_word' id='word_1_99' title='bbox 2389 2625 2799 2692; x_wconf 82' lang='lat' dir='ltr'><strong>vexantibus.</strong></span> 
     </span>
     <span class='ocr_line' id='line_1_19' title="bbox 1303 2719 1769 2802; baseline 0 -21"><span class='ocrx_word' id='word_1_100' title='bbox 1303 2720 1420 2802; x_wconf 87' lang='lat' dir='ltr'><strong>(V.</strong></span> <span class='ocrx_word' id='word_1_101' title='bbox 1466 2719 1769 2797; x_wconf 82' lang='lat' dir='ltr'><strong>ibidem.)</strong></span> 
     </span>
    </p>
   </div>
   <div class='ocr_carea' id='block_1_10' title="bbox 1590 2821 2798 3000">
    <p class='ocr_par' dir='ltr' id='par_1_12' title="bbox 1590 2821 2798 3000">
     <span class='ocr_line' id='line_1_20' title="bbox 1590 2821 2798 2898; baseline 0.007 -15"><span class='ocrx_word' id='word_1_102' title='bbox 1590 2824 1767 2884; x_wconf 76' lang='lat' dir='ltr'><strong>lMP.</strong></span> <span class='ocrx_word' id='word_1_103' title='bbox 1787 2821 1964 2890; x_wconf 81' lang='lat' dir='ltr'><strong>VAI.</strong></span> <span class='ocrx_word' id='word_1_104' title='bbox 1968 2824 2303 2893; x_wconf 78' lang='lat' dir='ltr'><strong>ERIANV</strong></span> <span class='ocrx_word' id='word_1_105' title='bbox 2300 2824 2374 2886; x_wconf 92' lang='lat' dir='ltr'>S</span> <span class='ocrx_word' id='word_1_106' title='bbox 2409 2826 2486 2887; x_wconf 93' lang='lat' dir='ltr'><strong>P.</strong></span> <span class='ocrx_word' id='word_1_107' title='bbox 2504 2827 2579 2888; x_wconf 89' lang='lat' dir='ltr'><strong>F.</strong></span> <span class='ocrx_word' id='word_1_108' title='bbox 2598 2828 2798 2898; x_wconf 84' lang='lat' dir='ltr'><strong>AVG.</strong></span> 
     </span>
     <span class='ocr_line' id='line_1_21' title="bbox 1595 2925 2178 3000; baseline 0.005 -17"><span class='ocrx_word' id='word_1_109' title='bbox 1595 2925 1799 3000; x_wconf 82' lang='lat' dir='ltr'><strong>Caput</strong></span> <span class='ocrx_word' id='word_1_110' title='bbox 1824 2927 2178 2987; x_wconf 73' lang='lat' dir='ltr'><strong>radiatum.</strong></span> 
     </span>
    </p>
   </div>
   <div class='ocr_carea' id='block_1_11' title="bbox 1302 3008 2798 3095">
    <p class='ocr_par' dir='ltr' id='par_1_13' title="bbox 1302 3008 2798 3095">
     <span class='ocr_line' id='line_1_22' title="bbox 1302 3008 2798 3095; baseline 0.003 -5"><span class='ocrx_word' id='word_1_111' title='bbox 1302 3008 1532 3090; x_wconf 66' lang='lat' dir='ltr'><strong>VIC‘I&#39;.</strong></span> <span class='ocrx_word' id='word_1_112' title='bbox 1579 3023 1837 3085; x_wconf 85' lang='lat' dir='ltr'><strong>PART.</strong></span> <span class='ocrx_word' id='word_1_113' title='bbox 1900 3027 2007 3085; x_wconf 85' lang='lat' dir='ltr'><strong>vel</strong></span> <span class='ocrx_word' id='word_1_114' title='bbox 2051 3027 2519 3091; x_wconf 79' lang='lat' dir='ltr'><strong>PARTHICA.</strong></span> <span class='ocrx_word' id='word_1_115' title='bbox 2590 3034 2798 3095; x_wconf 74' lang='lat' dir='ltr'><strong>Victo·</strong></span> 
     </span>
    </p>
   </div>
   <div class='ocr_carea' id='block_1_12' title="bbox 1294 3126 2821 3212">
    <p class='ocr_par' dir='ltr' id='par_1_14' title="bbox 1294 3126 2821 3212">
     <span class='ocr_line' id='line_1_23' title="bbox 1294 3126 2821 3212; baseline 0.008 -27"><span class='ocrx_word' id='word_1_116' title='bbox 1294 3129 1409 3186; x_wconf 73' lang='lat' dir='ltr'><strong>ria</strong></span> <span class='ocrx_word' id='word_1_117' title='bbox 1441 3134 1621 3185; x_wconf 70' lang='lat' dir='ltr'><strong>stans</strong></span> <span class='ocrx_word' id='word_1_118' title='bbox 1651 3128 1714 3185; x_wconf 83' lang='lat' dir='ltr'><strong>d.</strong></span> <span class='ocrx_word' id='word_1_119' title='bbox 1747 3126 2061 3203; x_wconf 78' lang='lat' dir='ltr'><strong>clypeum,</strong></span> <span class='ocrx_word' id='word_1_120' title='bbox 2120 3150 2169 3190; x_wconf 72' lang='lat' dir='ltr'><strong>e.</strong></span> <span class='ocrx_word' id='word_1_121' title='bbox 2201 3131 2489 3192; x_wconf 77' lang='lat' dir='ltr'><strong>lauream</strong></span> <span class='ocrx_word' id='word_1_122' title='bbox 2509 3130 2821 3212; x_wconf 52' lang='lat' dir='ltr'><strong>,prope--¹</strong></span> 
     </span>
    </p>
   </div>
   <div class='ocr_carea' id='block_1_13' title="bbox 1295 3229 2799 3606">
    <p class='ocr_par' dir='ltr' id='par_1_15' title="bbox 1295 3229 2795 3403">
     <span class='ocr_line' id='line_1_24' title="bbox 1295 3229 2795 3311; baseline 0.005 -24"><span class='ocrx_word' id='word_1_123' title='bbox 1295 3229 1493 3287; x_wconf 69' lang='lat' dir='ltr'><strong>dibus</strong></span> <span class='ocrx_word' id='word_1_124' title='bbox 1543 3229 1834 3305; x_wconf 63' lang='lat' dir='ltr'><strong>captivae</strong></span> <span class='ocrx_word' id='word_1_125' title='bbox 1872 3231 2115 3289; x_wconf 74' lang='lat' dir='ltr'><strong>eedem.</strong></span> <span class='ocrx_word' id='word_1_126' title='bbox 2176 3230 2315 3292; x_wconf 77' lang='lat' dir='ltr'><strong>AR.</strong></span> <span class='ocrx_word' id='word_1_127' title='bbox 2364 3232 2564 3311; x_wconf 75' lang='lat' dir='ltr'><strong>(Mus.</strong></span> <span class='ocrx_word' id='word_1_128' title='bbox 2612 3235 2795 3297; x_wconf 84' lang='lat' dir='ltr'><strong>Caes.</strong></span> 
     </span>
     <span class='ocr_line' id='line_1_25' title="bbox 1302 3323 1614 3403; baseline 0.01 -16"><span class='ocrx_word' id='word_1_129' title='bbox 1302 3323 1544 3403; x_wconf 82' lang='lat' dir='ltr'><strong>Band.)</strong></span> <span class='ocrx_word' id='word_1_130' title='bbox 1592 3383 1614 3401; x_wconf 73' lang='grc'><em>,</em></span> 
     </span>
    </p>

    <p class='ocr_par' dir='ltr' id='par_1_16' title="bbox 1302 3426 2799 3606">
     <span class='ocr_line' id='line_1_26' title="bbox 1429 3426 2799 3515; baseline 0.007 -26"><span class='ocrx_word' id='word_1_131' title='bbox 1429 3427 1567 3492; x_wconf 78' lang='grc' dir='ltr'><strong>Ηίο,</strong></span> <span class='ocrx_word' id='word_1_132' title='bbox 1620 3447 1854 3490; x_wconf 83' lang='lat' dir='ltr'><strong>numus</strong></span> <span class='ocrx_word' id='word_1_133' title='bbox 1936 3426 2018 3489; x_wconf 88' lang='lat' dir='ltr'><strong>ad</strong></span> <span class='ocrx_word' id='word_1_134' title='bbox 2073 3451 2313 3494; x_wconf 89' lang='lat' dir='ltr'><strong>annum</strong></span> <span class='ocrx_word' id='word_1_135' title='bbox 2383 3447 2799 3515; x_wconf 81' lang='lat' dir='ltr'><strong>praesentem</strong></span> 
     </span>
     <span class='ocr_line' id='line_1_27' title="bbox 1302 3527 2796 3606; baseline 0.003 -11"><span class='ocrx_word' id='word_1_136' title='bbox 1302 3527 1652 3595; x_wconf 83' lang='lat' dir='ltr'><strong>commode</strong></span> <span class='ocrx_word' id='word_1_137' title='bbox 1682 3530 1960 3591; x_wconf 70' lang='lat' dir='ltr'><strong>-videtur</strong></span> <span class='ocrx_word' id='word_1_138' title='bbox 2000 3529 2423 3606; x_wconf 81' lang='lat' dir='ltr'><strong>referendus;</strong></span> <span class='ocrx_word' id='word_1_139' title='bbox 2480 3557 2630 3597; x_wconf 89' lang='lat' dir='ltr'><strong>nam</strong></span> <span class='ocrx_word' id='word_1_140' title='bbox 2676 3536 2796 3598; x_wconf 86' lang='lat' dir='ltr'><strong>sub</strong></span> 
     </span>
    </p>
   </div>
   <div class='ocr_carea' id='block_1_14' title="bbox 1302 3629 2801 3816">
    <p class='ocr_par' dir='ltr' id='par_1_17' title="bbox 1302 3629 2801 3816">
     <span class='ocr_line' id='line_1_28' title="bbox 1302 3629 2801 3720; baseline -0.007 -26"><span class='ocrx_word' id='word_1_141' title='bbox 1302 3629 1641 3700; x_wconf 78' lang='lat' dir='ltr'><strong>Valeriani</strong></span> <span class='ocrx_word' id='word_1_142' title='bbox 1683 3631 1749 3690; x_wconf 89' lang='lat' dir='ltr'><strong>in</strong></span> <span class='ocrx_word' id='word_1_143' title='bbox 1782 3630 2038 3711; x_wconf 72' lang='lat' dir='ltr'><strong>Syriam</strong></span> <span class='ocrx_word' id='word_1_144' title='bbox 2081 3632 2429 3694; x_wconf 79' lang='lat' dir='ltr'><strong>adventum</strong></span> <span class='ocrx_word' id='word_1_145' title='bbox 2460 3635 2613 3698; x_wconf 69' lang='lat' dir='ltr'><strong>satis</strong></span> <span class='ocrx_word' id='word_1_146' title='bbox 2648 3656 2801 3720; x_wconf 70' lang='lat' dir='ltr'><strong>pro-</strong></span> 
     </span>
     <span class='ocr_line' id='line_1_29' title="bbox 1303 3729 2801 3816; baseline 0.003 -22"><span class='ocrx_word' id='word_1_147' title='bbox 1303 3752 1498 3816; x_wconf 78' lang='lat' dir='ltr'><strong>spera</strong></span> <span class='ocrx_word' id='word_1_148' title='bbox 1555 3729 1802 3807; x_wconf 86' lang='lat' dir='ltr'><strong>omnia,</strong></span> <span class='ocrx_word' id='word_1_149' title='bbox 1877 3744 2148 3815; x_wconf 85' lang='lat' dir='ltr'><strong>recepta</strong></span> <span class='ocrx_word' id='word_1_150' title='bbox 2205 3733 2589 3811; x_wconf 82' lang='lat' dir='ltr'><strong>Antiochia,</strong></span> <span class='ocrx_word' id='word_1_151' title='bbox 2654 3758 2801 3799; x_wconf 79' lang='lat' dir='ltr'><strong>cae-</strong></span> 
     </span>
    </p>
   </div>
   <div class='ocr_carea' id='block_1_15' title="bbox 1262 3831 2799 4101">
    <p class='ocr_par' dir='ltr' id='par_1_18' title="bbox 1262 3831 2799 4101">
     <span class='ocr_line' id='line_1_30' title="bbox 1262 3831 2799 3919; baseline 0.003 -22"><span class='ocrx_word' id='word_1_152' title='bbox 1262 3844 1415 3897; x_wconf 67' lang='lat' dir='ltr'><strong>&#39;eus</strong></span> <span class='ocrx_word' id='word_1_153' title='bbox 1461 3854 1497 3895; x_wconf 87' lang='lat' dir='ltr'><strong>a</strong></span> <span class='ocrx_word' id='word_1_154' title='bbox 1541 3832 1674 3895; x_wconf 77' lang='lat' dir='ltr'><strong>suis</strong></span> <span class='ocrx_word' id='word_1_155' title='bbox 1708 3831 2018 3913; x_wconf 76' lang='lat' dir='ltr'><strong>Cyriades</strong></span> <span class='ocrx_word' id='word_1_156' title='bbox 2048 3833 2355 3918; x_wconf 83' lang='lat' dir='ltr'><strong>princeps</strong></span> <span class='ocrx_word' id='word_1_157' title='bbox 2399 3837 2591 3919; x_wconf 79' lang='lat' dir='ltr'><strong>hujus</strong></span> <span class='ocrx_word' id='word_1_158' title='bbox 2634 3837 2799 3901; x_wconf 84' lang='lat' dir='ltr'><strong>belli</strong></span> 
     </span>
     <span class='ocr_line' id='line_1_31' title="bbox 1306 3933 2795 4020; baseline 0.003 -21"><span class='ocrx_word' id='word_1_159' title='bbox 1306 3957 1532 4009; x_wconf 85' lang='lat' dir='ltr'><strong>causa,</strong></span> <span class='ocrx_word' id='word_1_160' title='bbox 1596 3933 1838 4018; x_wconf 87' lang='lat' dir='ltr'><strong>quique</strong></span> <span class='ocrx_word' id='word_1_161' title='bbox 1884 3934 2096 4018; x_wconf 85' lang='lat' dir='ltr'><strong>ipsum</strong></span> <span class='ocrx_word' id='word_1_162' title='bbox 2145 3937 2424 4020; x_wconf 81' lang='lat' dir='ltr'><strong>Augusti</strong></span> <span class='ocrx_word' id='word_1_163' title='bbox 2474 3938 2795 4004; x_wconf 85' lang='lat' dir='ltr'><strong>honorem</strong></span> 
     </span>
     <span class='ocr_line' id='line_1_32' title="bbox 1308 4035 2502 4101; baseline -0.003 0"><span class='ocrx_word' id='word_1_164' title='bbox 1308 4035 1668 4101; x_wconf 72' lang='lat' dir='ltr'><strong>attentavit.</strong></span> <span class='ocrx_word' id='word_1_165' title='bbox 2499 4062 2502 4063; x_wconf 43' lang='lat'><em>⁷</em></span> 
     </span>
    </p>
   </div>
   <div class='ocr_carea' id='block_1_16' title="bbox 1306 4239 2799 4557">
    <p class='ocr_par' dir='ltr' id='par_1_19' title="bbox 1306 4239 2777 4510">
     <span class='ocr_line' id='line_1_33' title="bbox 1639 4239 2467 4308; baseline 0.012 -10"><span class='ocrx_word' id='word_1_166' title='bbox 1639 4241 1710 4298; x_wconf 88' lang='lat' dir='ltr'><strong>V.</strong></span> <span class='ocrx_word' id='word_1_167' title='bbox 1751 4239 1812 4300; x_wconf 82' lang='lat' dir='ltr'><strong>C.</strong></span> <span class='ocrx_word' id='word_1_168' title='bbox 1859 4247 2040 4302; x_wconf 77' lang='grc'><strong>1013.</strong></span> <span class='ocrx_word' id='word_1_169' title='bbox 2087 4242 2158 4304; x_wconf 93' lang='grc' dir='ltr'><strong>Ρ.</strong></span> <span class='ocrx_word' id='word_1_170' title='bbox 2196 4242 2281 4305; x_wconf 83' lang='grc' dir='ltr'><strong>Χ.</strong></span> <span class='ocrx_word' id='word_1_171' title='bbox 2319 4249 2467 4308; x_wconf 74' lang='grc'><strong>260.</strong></span> 
     </span>
     <span class='ocr_line' id='line_1_34' title="bbox 1437 4342 2671 4407; baseline 0.002 -1"><span class='ocrx_word' id='word_1_172' title='bbox 1437 4342 2671 4407; x_wconf 66' lang='lat' dir='ltr'><strong>1’11.P.7111.COSJV..PM.P.P.</strong></span> 
     </span>
     <span class='ocr_line' id='line_1_35' title="bbox 1306 4427 2799 4557; baseline 0.004 -53"><span class='ocrx_word' id='word_1_173' title='bbox 1306 4445 1592 4508; x_wconf 72' lang='lat' dir='ltr'><strong>Cornelio</strong></span> <span class='ocrx_word' id='word_1_174' title='bbox 1629 4441 1938 4504; x_wconf 79' lang='lat' dir='ltr'><strong>Seculare</strong></span> <span class='ocrx_word' id='word_1_175' title='bbox 1970 4427 2341 4517; x_wconf 74' lang='lat' dir='ltr'><strong>11&#39;.,1nm·0</strong></span> <span class='ocrx_word' id='word_1_176' title='bbox 2368 4448 2660 4557; x_wconf 71' lang='lat' dir='ltr'><strong>Donate</strong></span> <span class='ocrx_word' id='word_1_177' title='bbox 2649 4465 2799 4514; x_wconf 70' lang='lat' dir='ltr'><strong>eos.</strong></span> 
     </span>
    </p>
   </div>
   <div class='ocr_carea' id='block_1_17' title="bbox 1426 4642 2793 4727">
    <p class='ocr_par' dir='ltr' id='par_1_20' title="bbox 1426 4642 2793 4727">
     <span class='ocr_line' id='line_1_36' title="bbox 1426 4642 2793 4727; baseline 0.007 -23"><span class='ocrx_word' id='word_1_178' title='bbox 1426 4645 1573 4706; x_wconf 87' lang='lat' dir='ltr'><strong>Hoc</strong></span> <span class='ocrx_word' id='word_1_179' title='bbox 1620 4660 1823 4715; x_wconf 82' lang='lat' dir='ltr'><strong>anno,</strong></span> <span class='ocrx_word' id='word_1_180' title='bbox 1869 4653 1940 4704; x_wconf 86' lang='lat' dir='ltr'><strong>ut</strong></span> <span class='ocrx_word' id='word_1_181' title='bbox 1988 4642 2326 4727; x_wconf 57' lang='lat' dir='ltr'><strong>plerisque</strong></span> <span class='ocrx_word' id='word_1_182' title='bbox 2371 4644 2619 4724; x_wconf 83' lang='lat' dir='ltr'><strong>visum,</strong></span> <span class='ocrx_word' id='word_1_183' title='bbox 2664 4649 2793 4718; x_wconf 60' lang='lat' dir='ltr'><strong>&#39;Va‘</strong></span> 
     </span>
    </p>
   </div>
   <div class='ocr_carea' id='block_1_18' title="bbox 2869 4336 3295 4403">
    <p class='ocr_par' dir='ltr' id='par_1_21' title="bbox 2869 4336 3295 4403">
     <span class='ocr_line' id='line_1_37' title="bbox 2869 4336 3295 4403; baseline 0.012 -5"><span class='ocrx_word' id='word_1_184' title='bbox 2869 4351 2872 4353; x_wconf 82' lang='grc'><em>·</em></span> <span class='ocrx_word' id='word_1_185' title='bbox 2916 4336 3129 4400; x_wconf 83' lang='lat' dir='ltr'><strong>dictus</strong></span> <span class='ocrx_word' id='word_1_186' title='bbox 3173 4350 3295 4403; x_wconf 85' lang='lat' dir='ltr'><strong>est.</strong></span> 
     </span>
    </p>
   </div>
   <div class='ocr_carea' id='block_1_19' title="bbox 2381 366 3266 482">
    <p class='ocr_par' dir='ltr' id='par_1_22' title="bbox 2381 366 3266 482">
     <span class='ocr_line' id='line_1_38' title="bbox 2381 366 3266 482; baseline 0 -8"><span class='ocrx_word' id='word_1_187' title='bbox 2381 448 2390 460; x_wconf 82' lang='lat'><strong>.</strong></span> <span class='ocrx_word' id='word_1_188' title='bbox 2456 366 3266 482; x_wconf 66' lang='lat' dir='ltr'><strong>VALE&#39;R‘IANVS</strong></span> 
     </span>
    </p>
   </div>
   <div class='ocr_carea' id='block_1_20' title="bbox 2912 570 4470 1385">
    <p class='ocr_par' dir='ltr' id='par_1_23' title="bbox 2912 570 4467 774">
     <span class='ocr_line' id='line_1_39' title="bbox 2912 570 4467 673; baseline 0.001 -22"><span class='ocrx_word' id='word_1_189' title='bbox 2912 570 3203 653; x_wconf 73' lang='lat' dir='ltr'><strong>lerianus</strong></span> <span class='ocrx_word' id='word_1_190' title='bbox 3235 587 3512 651; x_wconf 82' lang='lat' dir='ltr'><strong>aPersis</strong></span> <span class='ocrx_word' id='word_1_191' title='bbox 3539 586 3841 673; x_wconf 77' lang='lat' dir='ltr'><strong>capitur.</strong></span> <span class='ocrx_word' id='word_1_192' title='bbox 3904 588 4038 671; x_wconf 82' lang='lat' dir='ltr'><strong>(V.</strong></span> <span class='ocrx_word' id='word_1_193' title='bbox 4064 587 4338 653; x_wconf 69' lang='lat' dir='ltr'><strong>infr-ain</strong></span> <span class='ocrx_word' id='word_1_194' title='bbox 4363 600 4467 653; x_wconf 88' lang='lat' dir='ltr'><strong>ter·</strong></span> 
     </span>
     <span class='ocr_line' id='line_1_40' title="bbox 2914 690 3459 774; baseline -0.004 -21"><span class='ocrx_word' id='word_1_195' title='bbox 2914 690 3108 753; x_wconf 83' lang='lat' dir='ltr'><strong>minis</strong></span> <span class='ocrx_word' id='word_1_196' title='bbox 3144 691 3459 774; x_wconf 89' lang='lat' dir='ltr'><strong>imperii.)</strong></span> 
     </span>
    </p>

    <p class='ocr_par' dir='ltr' id='par_1_24' title="bbox 2912 792 4470 1385">
     <span class='ocr_line' id='line_1_41' title="bbox 3040 792 4470 880; baseline 0.002 -25"><span class='ocrx_word' id='word_1_197' title='bbox 3040 792 3146 855; x_wconf 81' lang='lat' dir='ltr'><strong>Ad</strong></span> <span class='ocrx_word' id='word_1_198' title='bbox 3182 792 3325 874; x_wconf 81' lang='lat' dir='ltr'><strong>ejus</strong></span> <span class='ocrx_word' id='word_1_199' title='bbox 3376 792 3609 855; x_wconf 81' lang='lat' dir='ltr'><strong>aetatis</strong></span> <span class='ocrx_word' id='word_1_200' title='bbox 3644 792 4066 877; x_wconf 78' lang='lat' dir='ltr'><strong>opprobria</strong></span> <span class='ocrx_word' id='word_1_201' title='bbox 4091 836 4111 868; x_wconf 83' lang='lat'><strong>,</strong></span> <span class='ocrx_word' id='word_1_202' title='bbox 4160 813 4294 879; x_wconf 83' lang='lat' dir='ltr'><strong>qua</strong></span> <span class='ocrx_word' id='word_1_203' title='bbox 4334 814 4470 880; x_wconf 84' lang='lat' dir='ltr'><strong>opu·</strong></span> 
     </span>
     <span class='ocr_line' id='line_1_42' title="bbox 2913 893 4467 981; baseline 0.002 -25"><span class='ocrx_word' id='word_1_204' title='bbox 2913 893 3320 957; x_wconf 76' lang='lat' dir='ltr'><strong>lentissimae</strong></span> <span class='ocrx_word' id='word_1_205' title='bbox 3370 893 3633 977; x_wconf 86' lang='lat' dir='ltr'><strong>imperii</strong></span> <span class='ocrx_word' id='word_1_206' title='bbox 3691 895 4147 981; x_wconf 78' lang='lat' dir='ltr'><strong>provinciae</strong></span> <span class='ocrx_word' id='word_1_207' title='bbox 4195 894 4467 959; x_wconf 68' lang='lat' dir='ltr'><strong>barbaris</strong></span> 
     </span>
     <span class='ocr_line' id='line_1_43' title="bbox 2912 993 4467 1081; baseline 0.003 -26"><span class='ocrx_word' id='word_1_208' title='bbox 2912 993 3184 1075; x_wconf 84' lang='lat' dir='ltr'><strong>impune</strong></span> <span class='ocrx_word' id='word_1_209' title='bbox 3216 995 3285 1055; x_wconf 89' lang='lat' dir='ltr'><strong>in</strong></span> <span class='ocrx_word' id='word_1_210' title='bbox 3308 996 3633 1077; x_wconf 75' lang='lat' dir='ltr'><strong>praedam</strong></span> <span class='ocrx_word' id='word_1_211' title='bbox 3678 1001 4039 1073; x_wconf 69' lang='lat' dir='ltr'><strong>cessere,</strong></span> <span class='ocrx_word' id='word_1_212' title='bbox 4111 997 4310 1059; x_wconf 82' lang='lat' dir='ltr'><strong>Italia</strong></span> <span class='ocrx_word' id='word_1_213' title='bbox 4348 998 4467 1081; x_wconf 78' lang='lat' dir='ltr'><strong>ipsa</strong></span> 
     </span>
     <span class='ocr_line' id='line_1_44' title="bbox 2915 1096 4468 1181; baseline 0.001 -23"><span class='ocrx_word' id='word_1_214' title='bbox 2915 1116 3147 1158; x_wconf 91' lang='lat' dir='ltr'><strong>eorum</strong></span> <span class='ocrx_word' id='word_1_215' title='bbox 3194 1096 3651 1161; x_wconf 82' lang='lat' dir='ltr'><strong>vexationibus</strong></span> <span class='ocrx_word' id='word_1_216' title='bbox 3684 1100 3969 1181; x_wconf 88' lang='lat' dir='ltr'><strong>patuit,</strong></span> <span class='ocrx_word' id='word_1_217' title='bbox 4041 1099 4337 1161; x_wconf 80' lang='lat' dir='ltr'><strong>accessit</strong></span> <span class='ocrx_word' id='word_1_218' title='bbox 4374 1118 4468 1160; x_wconf 81' lang='lat' dir='ltr'><strong>ex-</strong></span> 
     </span>
     <span class='ocr_line' id='line_1_45' title="bbox 2913 1197 4464 1283; baseline 0.002 -25"><span class='ocrx_word' id='word_1_219' title='bbox 2913 1209 3198 1283; x_wconf 77' lang='lat' dir='ltr'><strong>tremum</strong></span> <span class='ocrx_word' id='word_1_220' title='bbox 3222 1242 3239 1271; x_wconf 98' lang='lat'><strong>,</strong></span> <span class='ocrx_word' id='word_1_221' title='bbox 3300 1208 3441 1282; x_wconf 84' lang='lat' dir='ltr'><strong>&#39;quo</strong></span> <span class='ocrx_word' id='word_1_222' title='bbox 3500 1199 3757 1261; x_wconf 89' lang='lat' dir='ltr'><strong>nullum</strong></span> <span class='ocrx_word' id='word_1_223' title='bbox 3835 1197 4100 1261; x_wconf 83' lang='lat' dir='ltr'><strong>adhuc</strong></span> <span class='ocrx_word' id='word_1_224' title='bbox 4183 1202 4464 1261; x_wconf 82' lang='lat' dir='ltr'><strong>Romano</strong></span> 
     </span>
     <span class='ocr_line' id='line_1_46' title="bbox 2914 1298 4459 1385; baseline 0 -25"><span class='ocrx_word' id='word_1_225' title='bbox 2914 1299 3164 1360; x_wconf 89' lang='lat' dir='ltr'><strong>nomini</strong></span> <span class='ocrx_word' id='word_1_226' title='bbox 3209 1298 3568 1374; x_wconf 74' lang='lat' dir='ltr'><strong>funestius,</strong></span> <span class='ocrx_word' id='word_1_227' title='bbox 3634 1300 4051 1385; x_wconf 83' lang='lat' dir='ltr'><strong>imperator</strong></span> <span class='ocrx_word' id='word_1_228' title='bbox 4097 1300 4254 1383; x_wconf 86' lang='lat' dir='ltr'><strong>ipse</strong></span> <span class='ocrx_word' id='word_1_229' title='bbox 4296 1313 4459 1360; x_wconf 75' lang='lat' dir='ltr'><strong>extra</strong></span> 
     </span>
    </p>
   </div>
   <div class='ocr_carea' id='block_1_21' title="bbox 2878 1397 4458 1596">
    <p class='ocr_par' dir='ltr' id='par_1_25' title="bbox 2878 1397 4458 1596">
     <span class='ocr_line' id='line_1_47' title="bbox 2878 1397 4458 1497; baseline 0 -35"><span class='ocrx_word' id='word_1_230' title='bbox 2878 1400 3180 1485; x_wconf 71' lang='lat' dir='ltr'><strong>‘imperii</strong></span> <span class='ocrx_word' id='word_1_231' title='bbox 3241 1397 3407 1462; x_wconf 80' lang='lat' dir='ltr'><strong>fines</strong></span> <span class='ocrx_word' id='word_1_232' title='bbox 3472 1401 3645 1485; x_wconf 82' lang='lat' dir='ltr'><strong>apud</strong></span> <span class='ocrx_word' id='word_1_233' title='bbox 3714 1401 4091 1464; x_wconf 74' lang='lat' dir='ltr'><strong>barbaros</strong></span> <span class='ocrx_word' id='word_1_234' title='bbox 4159 1401 4458 1497; x_wconf 58' lang='lat' dir='ltr'><strong>captivat·</strong></span> 
     </span>
     <span class='ocr_line' id='line_1_48' title="bbox 2894 1498 4453 1596; baseline 0.001 -36"><span class='ocrx_word' id='word_1_235' title='bbox 2894 1503 3128 1596; x_wconf 64' lang='lat' dir='ltr'><strong>·Q¹{³m</strong></span> <span class='ocrx_word' id='word_1_236' title='bbox 3178 1500 3465 1583; x_wconf 83' lang='lat' dir='ltr'><strong>indignis</strong></span> <span class='ocrx_word' id='word_1_237' title='bbox 3518 1502 3587 1563; x_wconf 90' lang='lat' dir='ltr'><strong>in</strong></span> <span class='ocrx_word' id='word_1_238' title='bbox 3636 1523 3715 1566; x_wconf 81' lang='lat' dir='ltr'><strong>ea</strong></span> <span class='ocrx_word' id='word_1_239' title='bbox 3771 1502 4217 1587; x_wconf 73' lang='lat' dir='ltr'><strong>captivitate</strong></span> <span class='ocrx_word' id='word_1_240' title='bbox 4261 1498 4453 1563; x_wconf 78' lang='lat' dir='ltr'><strong>modis</strong></span> 
     </span>
    </p>
   </div>
   <div class='ocr_carea' id='block_1_22' title="bbox 2913 1601 4454 1689">
    <p class='ocr_par' dir='ltr' id='par_1_26' title="bbox 2913 1601 4454 1689">
     <span class='ocr_line' id='line_1_49' title="bbox 2913 1601 4454 1689; baseline 0.001 -25"><span class='ocrx_word' id='word_1_241' title='bbox 2913 1603 2998 1664; x_wconf 84' lang='lat' dir='ltr'><strong>sit</strong></span> <span class='ocrx_word' id='word_1_242' title='bbox 3040 1601 3340 1679; x_wconf 80' lang='lat' dir='ltr'><strong>habitus,</strong></span> <span class='ocrx_word' id='word_1_243' title='bbox 3404 1604 3637 1666; x_wconf 83' lang='lat' dir='ltr'><strong>ductus</strong></span> <span class='ocrx_word' id='word_1_244' title='bbox 3681 1605 3748 1665; x_wconf 90' lang='lat' dir='ltr'><strong>in</strong></span> <span class='ocrx_word' id='word_1_245' title='bbox 3792 1604 4177 1689; x_wconf 83' lang='lat' dir='ltr'><strong>triumphi</strong></span> <span class='ocrx_word' id='word_1_246' title='bbox 4222 1621 4454 1667; x_wconf 83' lang='lat' dir='ltr'><strong>morem</strong></span> 
     </span>
    </p>
   </div>
   <div class='ocr_carea' id='block_1_23' title="bbox 2910 1703 4470 1793">
    <p class='ocr_par' dir='ltr' id='par_1_27' title="bbox 2910 1703 4470 1793">
     <span class='ocr_line' id='line_1_50' title="bbox 2910 1703 4470 1793; baseline -0.001 -28"><span class='ocrx_word' id='word_1_247' title='bbox 2910 1723 3035 1788; x_wconf 88' lang='lat' dir='ltr'><strong>per</strong></span> <span class='ocrx_word' id='word_1_248' title='bbox 3094 1703 3293 1765; x_wconf 80' lang='lat' dir='ltr'><strong>urbes</strong></span> <span class='ocrx_word' id='word_1_249' title='bbox 3349 1705 3622 1768; x_wconf 84' lang='lat' dir='ltr'><strong>amictus</strong></span> <span class='ocrx_word' id='word_1_250' title='bbox 3696 1706 3997 1793; x_wconf 84' lang='lat' dir='ltr'><strong>imperii</strong></span> <span class='ocrx_word' id='word_1_251' title='bbox 4065 1704 4470 1789; x_wconf 81' lang='lat' dir='ltr'><strong>insignibus,-</strong></span> 
     </span>
    </p>
   </div>
   <div class='ocr_carea' id='block_1_24' title="bbox 2909 1803 4443 2300">
    <p class='ocr_par' dir='ltr' id='par_1_28' title="bbox 2909 1803 4443 2300">
     <span class='ocr_line' id='line_1_51' title="bbox 2914 1803 4442 1891; baseline -0.003 -23"><span class='ocrx_word' id='word_1_252' title='bbox 2914 1820 2984 1868; x_wconf 89' lang='lat' dir='ltr'><strong>et</strong></span> <span class='ocrx_word' id='word_1_253' title='bbox 3027 1817 3297 1869; x_wconf 82' lang='lat' dir='ltr'><strong>onustus</strong></span> <span class='ocrx_word' id='word_1_254' title='bbox 3341 1807 3624 1881; x_wconf 83' lang='lat' dir='ltr'><strong>catenis,</strong></span> <span class='ocrx_word' id='word_1_255' title='bbox 3684 1805 4138 1891; x_wconf 84' lang='lat' dir='ltr'><strong>functusque</strong></span> <span class='ocrx_word' id='word_1_256' title='bbox 4189 1803 4442 1869; x_wconf 80' lang='lat' dir='ltr'><strong>scabelli</strong></span> 
     </span>
     <span class='ocr_line' id='line_1_52' title="bbox 2910 1906 4443 1994; baseline -0.003 -25"><span class='ocrx_word' id='word_1_257' title='bbox 2910 1906 3093 1982; x_wconf 74' lang='lat' dir='ltr'><strong>vice,</strong></span> <span class='ocrx_word' id='word_1_258' title='bbox 3151 1927 3300 1969; x_wconf 88' lang='lat' dir='ltr'><strong>cum</strong></span> <span class='ocrx_word' id='word_1_259' title='bbox 3364 1908 4155 1994; x_wconf 73' lang='lat' dir='ltr'><strong>conscendereequum</strong></span> <span class='ocrx_word' id='word_1_260' title='bbox 4200 1916 4443 1992; x_wconf 84' lang='lat' dir='ltr'><strong>pararet</strong></span> 
     </span>
     <span class='ocr_line' id='line_1_53' title="bbox 2914 2005 4441 2093; baseline -0.002 -25"><span class='ocrx_word' id='word_1_261' title='bbox 2914 2008 3163 2091; x_wconf 80' lang='lat' dir='ltr'><strong>Sapor,</strong></span> <span class='ocrx_word' id='word_1_262' title='bbox 3223 2027 3305 2076; x_wconf 67' lang='lat' dir='ltr'><strong>ex</strong></span> <span class='ocrx_word' id='word_1_263' title='bbox 3348 2010 3638 2093; x_wconf 77' lang='lat' dir='ltr'><strong>plurium</strong></span> <span class='ocrx_word' id='word_1_264' title='bbox 3692 2012 4142 2074; x_wconf 76' lang='lat' dir='ltr'><strong>testimoniis</strong></span> <span class='ocrx_word' id='word_1_265' title='bbox 4205 2005 4441 2089; x_wconf 82' lang='lat' dir='ltr'><strong>colligit</strong></span> 
     </span>
     <span class='ocr_line' id='line_1_54' title="bbox 2915 2097 4439 2196; baseline -0.003 -26"><span class='ocrx_word' id='word_1_266' title='bbox 2915 2097 3399 2177; x_wconf 78' lang='lat' dir='ltr'><strong>Tillemontius.</strong></span> <span class='ocrx_word' id='word_1_267' title='bbox 3489 2114 3671 2176; x_wconf 85' lang='lat' dir='ltr'><strong>Inter</strong></span> <span class='ocrx_word' id='word_1_268' title='bbox 3725 2126 3824 2175; x_wconf 90' lang='lat' dir='ltr'><strong>tot</strong></span> <span class='ocrx_word' id='word_1_269' title='bbox 3867 2126 4252 2196; x_wconf 84' lang='lat' dir='ltr'><strong>tantasque</strong></span> <span class='ocrx_word' id='word_1_270' title='bbox 4292 2107 4439 2188; x_wconf 88' lang='lat' dir='ltr'><strong>inju-</strong></span> 
     </span>
     <span class='ocr_line' id='line_1_55' title="bbox 2909 2206 4434 2300; baseline -0.002 -31"><span class='ocrx_word' id='word_1_271' title='bbox 2909 2208 3043 2270; x_wconf 81' lang='lat' dir='ltr'><strong>rias</strong></span> <span class='ocrx_word' id='word_1_272' title='bbox 3082 2224 3147 2271; x_wconf 89' lang='lat' dir='ltr'><strong>et</strong></span> <span class='ocrx_word' id='word_1_273' title='bbox 3180 2210 3509 2300; x_wconf 84' lang='lat' dir='ltr'><strong>fortunam</strong></span> <span class='ocrx_word' id='word_1_274' title='bbox 3554 2214 4034 2277; x_wconf 78' lang='lat' dir='ltr'><strong>calamitosam</strong></span> <span class='ocrx_word' id='word_1_275' title='bbox 4083 2206 4434 2276; x_wconf 77' lang='lat' dir='ltr'><strong>verisimile</strong></span> 
     </span>
    </p>
   </div>
   <div class='ocr_carea' id='block_1_25' title="bbox 2909 2311 4497 2399">
    <p class='ocr_par' dir='ltr' id='par_1_29' title="bbox 2909 2311 4497 2399">
     <span class='ocr_line' id='line_1_56' title="bbox 2909 2311 4497 2399; baseline 0.003 -28"><span class='ocrx_word' id='word_1_276' title='bbox 2909 2324 3049 2388; x_wconf 83' lang='lat' dir='ltr'><strong>est,</strong></span> <span class='ocrx_word' id='word_1_277' title='bbox 3095 2311 3261 2392; x_wconf 76' lang='lat' dir='ltr'><strong>nihil</strong></span> <span class='ocrx_word' id='word_1_278' title='bbox 3303 2334 3513 2399; x_wconf 85' lang='lat' dir='ltr'><strong>aeque</strong></span> <span class='ocrx_word' id='word_1_279' title='bbox 3555 2312 3851 2377; x_wconf 80' lang='lat' dir='ltr'><strong>doluisse</strong></span> <span class='ocrx_word' id='word_1_280' title='bbox 3890 2316 4213 2387; x_wconf 85' lang='lat' dir='ltr'><strong>misero,</strong></span> <span class='ocrx_word' id='word_1_281' title='bbox 4261 2326 4433 2393; x_wconf 85' lang='lat' dir='ltr'><strong>quam</strong></span> <span class='ocrx_word' id='word_1_282' title='bbox 4492 2372 4497 2376; x_wconf 83' lang='grc'><strong>,</strong></span> 
     </span>
    </p>
   </div>
   <div class='ocr_carea' id='block_1_26' title="bbox 2909 2410 4430 3220">
    <p class='ocr_par' dir='ltr' id='par_1_30' title="bbox 2909 2410 4430 3220">
     <span class='ocr_line' id='line_1_57' title="bbox 2914 2410 4430 2499; baseline -0.001 -27"><span class='ocrx_word' id='word_1_283' title='bbox 2914 2410 3092 2496; x_wconf 86' lang='lat' dir='ltr'><strong>quod</strong></span> <span class='ocrx_word' id='word_1_284' title='bbox 3122 2412 3327 2475; x_wconf 89' lang='lat' dir='ltr'><strong>filium</strong></span> <span class='ocrx_word' id='word_1_285' title='bbox 3372 2416 3731 2499; x_wconf 85' lang='lat' dir='ltr'><strong>reliquerat</strong></span> <span class='ocrx_word' id='word_1_286' title='bbox 3764 2433 4263 2481; x_wconf 78' lang='lat' dir='ltr'><strong>successorem</strong></span> <span class='ocrx_word' id='word_1_287' title='bbox 4302 2426 4430 2472; x_wconf 79' lang='lat' dir='ltr'><strong>rec-</strong></span> 
     </span>
     <span class='ocr_line' id='line_1_58' title="bbox 2914 2515 4424 2601; baseline -0.002 -26"><span class='ocrx_word' id='word_1_288' title='bbox 2914 2525 3259 2599; x_wconf 87' lang='lat' dir='ltr'><strong>toremque</strong></span> <span class='ocrx_word' id='word_1_289' title='bbox 3299 2515 3600 2600; x_wconf 86' lang='lat' dir='ltr'><strong>imperii,</strong></span> <span class='ocrx_word' id='word_1_290' title='bbox 3665 2537 3859 2601; x_wconf 87' lang='lat' dir='ltr'><strong>quem</strong></span> <span class='ocrx_word' id='word_1_291' title='bbox 3906 2515 4195 2601; x_wconf 85' lang='lat' dir='ltr'><strong>paterni</strong></span> <span class='ocrx_word' id='word_1_292' title='bbox 4234 2529 4424 2585; x_wconf 77' lang='lat' dir='ltr'><strong>casus,</strong></span> 
     </span>
     <span class='ocr_line' id='line_1_59' title="bbox 2914 2616 4419 2702; baseline -0.005 -23"><span class='ocrx_word' id='word_1_293' title='bbox 2914 2630 3217 2700; x_wconf 84' lang='lat' dir='ltr'><strong>tanquam</strong></span> <span class='ocrx_word' id='word_1_294' title='bbox 3245 2617 3409 2680; x_wconf 83' lang='lat' dir='ltr'><strong>haec</strong></span> <span class='ocrx_word' id='word_1_295' title='bbox 3444 2619 3527 2680; x_wconf 87' lang='lat' dir='ltr'><strong>ad</strong></span> <span class='ocrx_word' id='word_1_296' title='bbox 3559 2616 3769 2680; x_wconf 77' lang='lat' dir='ltr'><strong>{ilium</strong></span> <span class='ocrx_word' id='word_1_297' title='bbox 3806 2639 3952 2680; x_wconf 84' lang='lat' dir='ltr'><strong>non</strong></span> <span class='ocrx_word' id='word_1_298' title='bbox 3991 2617 4419 2702; x_wconf 83' lang='lat' dir='ltr'><strong>pertinerent,</strong></span> 
     </span>
     <span class='ocr_line' id='line_1_60' title="bbox 2912 2718 4421 2808; baseline -0.002 -29"><span class='ocrx_word' id='word_1_299' title='bbox 2912 2719 3091 2780; x_wconf 87' lang='lat' dir='ltr'><strong>nulla</strong></span> <span class='ocrx_word' id='word_1_300' title='bbox 3150 2718 3457 2802; x_wconf 81' lang='lat' dir='ltr'><strong>tangebat</strong></span> <span class='ocrx_word' id='word_1_301' title='bbox 3514 2720 3883 2808; x_wconf 85' lang='lat' dir='ltr'><strong>miseratio,</strong></span> <span class='ocrx_word' id='word_1_302' title='bbox 3956 2738 4233 2805; x_wconf 82' lang='lat' dir='ltr'><strong>neque,</strong></span> <span class='ocrx_word' id='word_1_303' title='bbox 4289 2729 4421 2776; x_wconf 84' lang='lat' dir='ltr'><strong>cum</strong></span> 
     </span>
     <span class='ocr_line' id='line_1_61' title="bbox 2912 2810 4415 2906; baseline -0.002 -26"><span class='ocrx_word' id='word_1_304' title='bbox 2912 2838 3036 2901; x_wconf 87' lang='lat' dir='ltr'><strong>per</strong></span> <span class='ocrx_word' id='word_1_305' title='bbox 3069 2819 3296 2882; x_wconf 84' lang='lat' dir='ltr'><strong>oblata</strong></span> <span class='ocrx_word' id='word_1_306' title='bbox 3360 2822 3649 2888; x_wconf 86' lang='lat' dir='ltr'><strong>omnium</strong></span> <span class='ocrx_word' id='word_1_307' title='bbox 3694 2822 4215 2906; x_wconf 79' lang='lat' dir='ltr'><strong>provinciarum</strong></span> <span class='ocrx_word' id='word_1_308' title='bbox 4259 2810 4415 2878; x_wconf 74' lang='lat' dir='ltr'><strong>auxi·</strong></span> 
     </span>
     <span class='ocr_line' id='line_1_62' title="bbox 2912 2916 4410 3005; baseline 0.001 -23"><span class='ocrx_word' id='word_1_309' title='bbox 2912 2918 3002 2982; x_wconf 78' lang='lat' dir='ltr'><strong>lia</strong></span> <span class='ocrx_word' id='word_1_310' title='bbox 3033 2935 3259 3003; x_wconf 75' lang='lat' dir='ltr'><strong>posset</strong></span> <span class='ocrx_word' id='word_1_311' title='bbox 3280 2966 3297 2996; x_wconf 99' lang='lat'><strong>,</strong></span> <span class='ocrx_word' id='word_1_312' title='bbox 3343 2934 3414 2983; x_wconf 88' lang='lat' dir='ltr'><strong>ut</strong></span> <span class='ocrx_word' id='word_1_313' title='bbox 3445 2923 3650 3005; x_wconf 83' lang='lat' dir='ltr'><strong>patris</strong></span> <span class='ocrx_word' id='word_1_314' title='bbox 3686 2922 3991 2988; x_wconf 86' lang='lat' dir='ltr'><strong>dedecus</strong></span> <span class='ocrx_word' id='word_1_315' title='bbox 4025 2924 4245 2986; x_wconf 87' lang='lat' dir='ltr'><strong>ultum</strong></span> <span class='ocrx_word' id='word_1_316' title='bbox 4279 2916 4410 2983; x_wconf 59' lang='lat' dir='ltr'><strong>iret,</strong></span> 
     </span>
     <span class='ocr_line' id='line_1_63' title="bbox 2912 3012 4407 3108; baseline -0.001 -26"><span class='ocrx_word' id='word_1_317' title='bbox 2912 3038 3196 3103; x_wconf 83' lang='lat' dir='ltr'><strong>eumque</strong></span> <span class='ocrx_word' id='word_1_318' title='bbox 3251 3023 3531 3086; x_wconf 78' lang='lat' dir='ltr'><strong>vinculis</strong></span> <span class='ocrx_word' id='word_1_319' title='bbox 3589 3024 3963 3106; x_wconf 68' lang='lat' dir='ltr'><strong>eximeret,</strong></span> <span class='ocrx_word' id='word_1_320' title='bbox 4039 3012 4407 3108; x_wconf 69' lang='lat' dir='ltr'><strong>permoveri</strong></span> 
     </span>
     <span class='ocr_line' id='line_1_64' title="bbox 2909 3120 4407 3220; baseline -0.005 -35"><span class='ocrx_word' id='word_1_321' title='bbox 2909 3121 3049 3185; x_wconf 84' lang='lat' dir='ltr'><strong>ullo</strong></span> <span class='ocrx_word' id='word_1_322' title='bbox 3093 3135 3285 3206; x_wconf 87' lang='lat' dir='ltr'><strong>pacto</strong></span> <span class='ocrx_word' id='word_1_323' title='bbox 3344 3137 3625 3206; x_wconf 85' lang='lat' dir='ltr'><strong>peterat.</strong></span> <span class='ocrx_word' id='word_1_324' title='bbox 3718 3126 3898 3220; x_wconf 73' lang='lat' dir='ltr'><strong>Quot</strong></span> <span class='ocrx_word' id='word_1_325' title='bbox 3967 3143 4185 3189; x_wconf 85' lang='lat' dir='ltr'><strong>annos</strong></span> <span class='ocrx_word' id='word_1_326' title='bbox 4229 3120 4297 3178; x_wconf 86' lang='lat' dir='ltr'><strong>in</strong></span> <span class='ocrx_word' id='word_1_327' title='bbox 4336 3131 4407 3174; x_wconf 84' lang='lat' dir='ltr'><strong>eo</strong></span> 
     </span>
    </p>
   </div>
   <div class='ocr_carea' id='block_1_27' title="bbox 2864 3222 4404 3300">
    <p class='ocr_par' dir='ltr' id='par_1_31' title="bbox 2864 3222 4404 3300">
     <span class='ocr_line' id='line_1_65' title="bbox 2864 3222 4404 3300; baseline -0.003 -17"><span class='ocrx_word' id='word_1_328' title='bbox 2864 3226 2878 3233; x_wconf 90' lang='grc'><em>“</em></span> <span class='ocrx_word' id='word_1_329' title='bbox 2908 3236 3076 3284; x_wconf 82' lang='lat' dir='ltr'><strong>statu</strong></span> <span class='ocrx_word' id='word_1_330' title='bbox 3109 3222 3476 3300; x_wconf 82' lang='lat' dir='ltr'><strong>duraverit,</strong></span> <span class='ocrx_word' id='word_1_331' title='bbox 3519 3227 3866 3290; x_wconf 86' lang='lat' dir='ltr'><strong>incertum.</strong></span> <span class='ocrx_word' id='word_1_332' title='bbox 3958 3225 4264 3289; x_wconf 78' lang='lat' dir='ltr'><strong>Tandem</strong></span> <span class='ocrx_word' id='word_1_333' title='bbox 4307 3233 4404 3279; x_wconf 85' lang='lat' dir='ltr'><strong>ex·</strong></span> 
     </span>
    </p>
   </div>
   <div class='ocr_carea' id='block_1_28' title="bbox 2906 3313 4405 4020">
    <p class='ocr_par' dir='ltr' id='par_1_32' title="bbox 2906 3313 4405 4020">
     <span class='ocr_line' id='line_1_66' title="bbox 2906 3313 4405 3411; baseline -0.005 -24"><span class='ocrx_word' id='word_1_334' title='bbox 2906 3323 3230 3387; x_wconf 89' lang='lat' dir='ltr'><strong>coriatum</strong></span> <span class='ocrx_word' id='word_1_335' title='bbox 3287 3325 3507 3389; x_wconf 78' lang='lat' dir='ltr'><strong>vivum</strong></span> <span class='ocrx_word' id='word_1_336' title='bbox 3567 3329 3768 3390; x_wconf 79' lang='lat' dir='ltr'><strong>&#39;tradit</strong></span> <span class='ocrx_word' id='word_1_337' title='bbox 3843 3327 4209 3411; x_wconf 81' lang='lat' dir='ltr'><strong>Agathias,</strong></span> <span class='ocrx_word' id='word_1_338' title='bbox 4276 3313 4405 3402; x_wconf 76' lang='lat' dir='ltr'><strong>(alii</strong></span> 
     </span>
     <span class='ocr_line' id='line_1_67' title="bbox 2913 3415 4397 3513; baseline -0.001 -29"><span class='ocrx_word' id='word_1_339' title='bbox 2913 3424 3088 3488; x_wconf 87' lang='lat' dir='ltr'><strong>istud</strong></span> <span class='ocrx_word' id='word_1_340' title='bbox 3157 3440 3312 3509; x_wconf 85' lang='lat' dir='ltr'><strong>post</strong></span> <span class='ocrx_word' id='word_1_341' title='bbox 3371 3441 3648 3490; x_wconf 85' lang='lat' dir='ltr'><strong>mortem</strong></span> <span class='ocrx_word' id='word_1_342' title='bbox 3713 3428 3968 3491; x_wconf 82' lang='lat' dir='ltr'><strong>factum</strong></span> <span class='ocrx_word' id='word_1_343' title='bbox 4027 3415 4397 3513; x_wconf 75' lang='lat' dir='ltr'><strong>perhibent.)</strong></span> 
     </span>
     <span class='ocr_line' id='line_1_68' title="bbox 2913 3522 4401 3610; baseline -0.007 -21"><span class='ocrx_word' id='word_1_344' title='bbox 2913 3525 3188 3610; x_wconf 80' lang='lat' dir='ltr'><strong>ejusque</strong></span> <span class='ocrx_word' id='word_1_345' title='bbox 3234 3526 3536 3591; x_wconf 78' lang='lat' dir='ltr'><strong>infelices</strong></span> <span class='ocrx_word' id='word_1_346' title='bbox 3579 3530 3847 3591; x_wconf 75' lang='lat' dir='ltr'><strong>exuvias</strong></span> <span class='ocrx_word' id='word_1_347' title='bbox 3878 3551 3963 3591; x_wconf 86' lang='lat' dir='ltr'><strong>ex</strong></span> <span class='ocrx_word' id='word_1_348' title='bbox 3999 3522 4238 3610; x_wconf 84' lang='lat' dir='ltr'><strong>templi</strong></span> <span class='ocrx_word' id='word_1_349' title='bbox 4273 3522 4401 3582; x_wconf 89' lang='lat' dir='ltr'><strong>tho·</strong></span> 
     </span>
     <span class='ocr_line' id='line_1_69' title="bbox 2912 3615 4394 3711; baseline -0.002 -22"><span class='ocrx_word' id='word_1_350' title='bbox 2912 3627 2981 3690; x_wconf 93' lang='lat' dir='ltr'><strong>lo</strong></span> <span class='ocrx_word' id='word_1_351' title='bbox 3024 3648 3408 3711; x_wconf 78' lang='lat' dir='ltr'><strong>suspensas,</strong></span> <span class='ocrx_word' id='word_1_352' title='bbox 3456 3643 3527 3692; x_wconf 89' lang='lat' dir='ltr'><strong>ut</strong></span> <span class='ocrx_word' id='word_1_353' title='bbox 3558 3645 3777 3693; x_wconf 82' lang='lat' dir='ltr'><strong>essent</strong></span> <span class='ocrx_word' id='word_1_354' title='bbox 3808 3632 4060 3694; x_wconf 83' lang='lat' dir='ltr'><strong>terrori</strong></span> <span class='ocrx_word' id='word_1_355' title='bbox 4087 3627 4252 3697; x_wconf 85' lang='lat' dir='ltr'><strong>illis,</strong></span> <span class='ocrx_word' id='word_1_356' title='bbox 4296 3615 4394 3703; x_wconf 78' lang='lat' dir='ltr'><strong>qui</strong></span> 
     </span>
     <span class='ocr_line' id='line_1_70' title="bbox 2915 3729 4396 3810; baseline -0.001 -20"><span class='ocrx_word' id='word_1_357' title='bbox 2915 3729 3596 3791; x_wconf 73' lang='lat' dir='ltr'><strong>hactenusterrarum</strong></span> <span class='ocrx_word' id='word_1_358' title='bbox 3643 3731 3874 3794; x_wconf 89' lang='lat' dir='ltr'><strong>orbem</strong></span> <span class='ocrx_word' id='word_1_359' title='bbox 3922 3747 4192 3795; x_wconf 87' lang='lat' dir='ltr'><strong>terrore</strong></span> <span class='ocrx_word' id='word_1_360' title='bbox 4236 3738 4396 3810; x_wconf 80' lang='lat' dir='ltr'><strong>com·</strong></span> 
     </span>
     <span class='ocr_line' id='line_1_71' title="bbox 2911 3822 4390 3914; baseline -0.005 -22"><span class='ocrx_word' id='word_1_361' title='bbox 2911 3822 3280 3914; x_wconf 80' lang='lat' dir='ltr'><strong>pleverunt.</strong></span> <span class='ocrx_word' id='word_1_362' title='bbox 3317 3831 3481 3895; x_wconf 83' lang='lat' dir='ltr'><strong>Fuit</strong></span> <span class='ocrx_word' id='word_1_363' title='bbox 3509 3829 3756 3914; x_wconf 85' lang='lat' dir='ltr'><strong>judicio</strong></span> <span class='ocrx_word' id='word_1_364' title='bbox 3774 3833 4106 3897; x_wconf 85' lang='lat' dir='ltr'><strong>Trebellii</strong></span> <span class='ocrx_word' id='word_1_365' title='bbox 4124 3829 4224 3893; x_wconf 82' lang='lat' dir='ltr'><strong>vir</strong></span> <span class='ocrx_word' id='word_1_366' title='bbox 4238 3840 4390 3886; x_wconf 86' lang='lat' dir='ltr'><strong>sum·</strong></span> 
     </span>
     <span class='ocr_line' id='line_1_72' title="bbox 2913 3925 4391 4020; baseline 0.005 -26"><span class='ocrx_word' id='word_1_367' title='bbox 2913 3954 3164 3994; x_wconf 88' lang='lat' dir='ltr'><strong>marum</strong></span> <span class='ocrx_word' id='word_1_368' title='bbox 3227 3933 3570 4010; x_wconf 84' lang='lat' dir='ltr'><strong>virtutum,</strong></span> <span class='ocrx_word' id='word_1_369' title='bbox 3633 3935 3874 4020; x_wconf 87' lang='lat' dir='ltr'><strong>quique</strong></span> <span class='ocrx_word' id='word_1_370' title='bbox 3936 3937 4087 4019; x_wconf 85' lang='lat' dir='ltr'><strong>jure</strong></span> <span class='ocrx_word' id='word_1_371' title='bbox 4145 3925 4391 4007; x_wconf 63' lang='lat' dir='ltr'><strong>merim·</strong></span> 
     </span>
    </p>
   </div>
   <div class='ocr_carea' id='block_1_29' title="bbox 2875 4035 4386 4221">
    <p class='ocr_par' dir='ltr' id='par_1_33' title="bbox 2875 4035 4386 4221">
     <span class='ocr_line' id='line_1_73' title="bbox 2882 4035 4386 4122; baseline -0.027 0"><span class='ocrx_word' id='word_1_372' title='bbox 2882 4056 3095 4122; x_wconf 54' lang='lat' dir='ltr'>,ruma</span> <span class='ocrx_word' id='word_1_373' title='bbox 3155 4049 3227 4098; x_wconf 75' lang='lat' dir='ltr'><strong>et</strong></span> <span class='ocrx_word' id='word_1_374' title='bbox 3259 4036 3451 4120; x_wconf 81' lang='lat' dir='ltr'><strong>quasi</strong></span> <span class='ocrx_word' id='word_1_375' title='bbox 3488 4041 3570 4115; x_wconf 60' lang='lat' dir='ltr'><strong>eg</strong></span> <span class='ocrx_word' id='word_1_376' title='bbox 3612 4035 3813 4098; x_wconf 80' lang='lat' dir='ltr'><strong>totius</strong></span> <span class='ocrx_word' id='word_1_377' title='bbox 3864 4037 4044 4097; x_wconf 86' lang='lat' dir='ltr'><strong>orbis</strong></span> <span class='ocrx_word' id='word_1_378' title='bbox 4090 4053 4217 4095; x_wconf 86' lang='lat' dir='ltr'><strong>una</strong></span> <span class='ocrx_word' id='word_1_379' title='bbox 4257 4042 4386 4087; x_wconf 86' lang='lat' dir='ltr'><strong>sen·</strong></span> 
     </span>
     <span class='ocr_line' id='line_1_74' title="bbox 2875 4124 4382 4221; baseline -0.011 -22"><span class='ocrx_word' id='word_1_380' title='bbox 2875 4160 2876 4163; x_wconf 69' lang='grc'>’</span> <span class='ocrx_word' id='word_1_381' title='bbox 2912 4137 3114 4198; x_wconf 85' lang='lat' dir='ltr'><strong>tentia</strong></span> <span class='ocrx_word' id='word_1_382' title='bbox 3140 4124 3515 4219; x_wconf 76' lang='lat' dir='ltr'><strong>supremum</strong></span> <span class='ocrx_word' id='word_1_383' title='bbox 3547 4135 3881 4221; x_wconf 74' lang='lat' dir='ltr'><strong>fastigium</strong></span> <span class='ocrx_word' id='word_1_384' title='bbox 3904 4129 4382 4200; x_wconf 75' lang='lat' dir='ltr'><strong>conscenderet,</strong></span> 
     </span>
    </p>
   </div>
   <div class='ocr_carea' id='block_1_30' title="bbox 2914 4229 4380 4417">
    <p class='ocr_par' dir='ltr' id='par_1_34' title="bbox 2914 4229 4380 4417">
     <span class='ocr_line' id='line_1_75' title="bbox 2914 4229 4380 4323; baseline -0.004 -24"><span class='ocrx_word' id='word_1_385' title='bbox 2914 4250 2979 4299; x_wconf 84' lang='lat' dir='ltr'><strong>at</strong></span> <span class='ocrx_word' id='word_1_386' title='bbox 3024 4235 3283 4315; x_wconf 82' lang='lat' dir='ltr'><strong>Victori</strong></span> <span class='ocrx_word' id='word_1_387' title='bbox 3343 4237 3665 4314; x_wconf 76' lang='lat' dir='ltr'><strong>stolidus,</strong></span> <span class='ocrx_word' id='word_1_388' title='bbox 3748 4239 4156 4323; x_wconf 74' lang='lat' dir='ltr'><strong>multumque</strong></span> <span class='ocrx_word' id='word_1_389' title='bbox 4220 4229 4380 4289; x_wconf 65' lang='lat' dir='ltr'><strong>inm·8</strong></span> 
     </span>
     <span class='ocr_line' id='line_1_76' title="bbox 3359 4336 4377 4417; baseline -0.016 -17"><span class='ocrx_word' id='word_1_390' title='bbox 3359 4336 3768 4400; x_wconf 87' lang='lat' dir='ltr'><strong>Crediderim</strong></span> <span class='ocrx_word' id='word_1_391' title='bbox 3793 4385 3810 4417; x_wconf 91' lang='lat'><strong>,</strong></span> <span class='ocrx_word' id='word_1_392' title='bbox 3856 4339 3976 4402; x_wconf 86' lang='lat' dir='ltr'><strong>hac</strong></span> <span class='ocrx_word' id='word_1_393' title='bbox 4011 4337 4377 4417; x_wconf 77' lang='lat' dir='ltr'><strong>tempestate</strong></span> 
     </span>
    </p>
   </div>
   <div class='ocr_carea' id='block_1_31' title="bbox 2903 4434 4371 4740">
    <p class='ocr_par' dir='ltr' id='par_1_35' title="bbox 2903 4434 4371 4740">
     <span class='ocr_line' id='line_1_77' title="bbox 2912 4434 4371 4523; baseline -0.007 -20"><span class='ocrx_word' id='word_1_394' title='bbox 2912 4443 3024 4503; x_wconf 77' lang='lat' dir='ltr'><strong>aut</strong></span> <span class='ocrx_word' id='word_1_395' title='bbox 3084 4434 3291 4522; x_wconf 72' lang='lat' dir='ltr'><strong>niag‘is</strong></span> <span class='ocrx_word' id='word_1_396' title='bbox 3363 4439 3732 4523; x_wconf 81' lang='lat' dir='ltr'><strong>prolapsam</strong></span> <span class='ocrx_word' id='word_1_397' title='bbox 3813 4449 3966 4502; x_wconf 80' lang='lat' dir='ltr'><strong>rem</strong></span> <span class='ocrx_word' id='word_1_398' title='bbox 4014 4438 4371 4508; x_wconf 64' lang='lat' dir='ltr'><strong>Romanam,</strong></span> 
     </span>
     <span class='ocr_line' id='line_1_78' title="bbox 2903 4528 4365 4623; baseline -0.005 -18"><span class='ocrx_word' id='word_1_399' title='bbox 2903 4555 3012 4605; x_wconf 78' lang='lat' dir='ltr'><strong>eut</strong></span> <span class='ocrx_word' id='word_1_400' title='bbox 3067 4540 3352 4623; x_wconf 74' lang='lat' dir='ltr'><strong>maiores</strong></span> <span class='ocrx_word' id='word_1_401' title='bbox 3420 4540 3644 4603; x_wconf 15' lang='lat' dir='ltr'><strong>suisset</strong></span> <span class='ocrx_word' id='word_1_402' title='bbox 3700 4536 4128 4602; x_wconf 73' lang='lat' dir='ltr'><strong>barbarorum</strong></span> <span class='ocrx_word' id='word_1_403' title='bbox 4190 4528 4365 4592; x_wconf 52' lang='lat' dir='ltr'><strong>vire&amp;</strong></span> 
     </span>
     <span class='ocr_line' id='line_1_79' title="bbox 2905 4628 4362 4740; baseline -0.015 -32"><span class='ocrx_word' id='word_1_404' title='bbox 2905 4654 3099 4740; x_wconf 79' lang='lat' dir='ltr'><strong>quam</strong></span> <span class='ocrx_word' id='word_1_405' title='bbox 3133 4644 3206 4706; x_wconf 78' lang='lat' dir='ltr'><strong>ut</strong></span> <span class='ocrx_word' id='word_1_406' title='bbox 3247 4636 3593 4706; x_wconf 78' lang='lat' dir='ltr'><strong>adversum</strong></span> <span class='ocrx_word' id='word_1_407' title='bbox 3621 4639 3790 4705; x_wconf 77' lang='lat' dir='ltr'><strong>haee</strong></span> <span class='ocrx_word' id='word_1_408' title='bbox 3821 4639 3988 4703; x_wconf 70' lang='lat' dir='ltr'><strong>mala</strong></span> <span class='ocrx_word' id='word_1_409' title='bbox 4023 4628 4362 4736; x_wconf 79' lang='lat' dir='ltr'><strong>remedium</strong></span> 
     </span>
    </p>
   </div>
   <div class='ocr_carea' id='block_1_32' title="bbox 572 5782 4465 5937">
    <p class='ocr_par' dir='ltr' id='par_1_36' title="bbox 572 5782 4465 5937">
     <span class='ocr_line' id='line_1_80' title="bbox 572 5782 4465 5937; baseline 0 0"><span class='ocrx_word' id='word_1_410' title='bbox 572 5782 4465 5937; x_wconf 95' lang='lat' dir='ltr'><strong> </strong></span> 
     </span>
    </p>
   </div>
   <div class='ocr_carea' id='block_1_33' title="bbox 4566 3496 4576 3569">
    <p class='ocr_par' dir='ltr' id='par_1_37' title="bbox 4566 3496 4576 3569">
     <span class='ocr_line' id='line_1_81' title="bbox 4566 3496 4576 3569; baseline 0 0"><span class='ocrx_word' id='word_1_411' title='bbox 4566 3496 4576 3569; x_wconf 66' lang='grc' dir='ltr'>ἑ</span> 
     </span>
    </p>
   </div>
   <div class='ocr_carea' id='block_1_34' title="bbox 4561 3572 4574 4098">
    <p class='ocr_par' dir='ltr' id='par_1_38' title="bbox 4561 3572 4574 4098">
     <span class='ocr_line' id='line_1_82' title="bbox 4561 3572 4574 3705; baseline 0 0"><span class='ocrx_word' id='word_1_412' title='bbox 4561 3572 4574 3705; x_wconf 60' lang='grc' dir='ltr'>ἱ</span> 
     </span>
     <span class='ocr_line' id='line_1_83' title="bbox 4563 3788 4574 4098; baseline 0 -1"><span class='ocrx_word' id='word_1_413' title='bbox 4563 3788 4574 4098; x_wconf 62' lang='grc' dir='ltr'>ὲ</span> 
     </span>
    </p>
   </div>
  </div>
 </body>
</html>
