4652 5937
1209 408 1353 490 326

1214 583 1553 653 servanda.
1618 581 1804 677 Quae
1859 577 2156 641 animalia
2206 574 2456 640 suntin
2490 575 2706 638 numis

1209 685 1505 773 Philippi
1541 687 1589 748 1.
1614 729 1632 761 ,
1681 682 1789 759 (de
1824 680 2152 762 argenteis
2184 691 2429 769 tantuin
2466 698 2707 775 sermo,

1210 813 1364 854 nam
1393 788 1612 862 aenei,
1662 783 1786 846 etsi
1825 779 2175 865 perpauci,
2222 779 2376 840 huic
2401 777 2537 861 legi
2573 797 2708 838 non

1215 913 1290 956 se
1323 885 1851 962 adcommodant)
1881 905 2011 945 non
2038 880 2459 965 reperiuntur
2495 881 2563 940 in
2592 874 2707 941 nu-

1218 995 1342 1055 mis
1377 989 1603 1053 uxoris
1647 1000 1713 1049 et
1761 984 1917 1058 filii,
1964 995 2029 1043 et
2062 981 2371 1044 vicissim.
2456 981 2711 1063 Argen·

1218 1096 1309 1157 tei
1364 1092 1432 1154 id
1472 1109 1678 1175 genus
1725 1105 1951 1150 omnes
2000 1078 2451 1144 inscribuntur
2484 1101 2714 1143 nume-

1216 1198 1309 1257 ris
1341 1193 1420 1255 ab
1455 1195 1503 1252 1.
1540 1209 1749 1273 usque
1798 1187 1878 1250 ad
1910 1182 2060 1257 V1.;
2104 1182 2302 1267 idque
2355 1183 2507 1263 lege
2557 1200 2716 1279 con·-⁸

1217 1309 1460 1368 stante3
1508 1312 1653 1353 nam
1688 1289 1856 1363 infra
1887 1287 2149 1347 leonem
2188 1302 2452 1365 semper
2488 1282 2713 1343 obser-

1215 1396 1400 1459 vabis
1457 1391 1831 1465 notamll„
1897 1386 2067 1447 infra
2126 1403 2395 1448 cervum
2438 1384 2526 1451 V.
2582 1397 2711 1445 etc.

1206 1496 1457 1575 ¹Fuere,
1478 1492 1610 1575 -qui
1635 1501 2002 1561 censerent,
2035 1485 2335 1548 animalia
2366 1484 2529 1548 haec
2564 1504 2712 1547 esse

1219 1596 1490 1668 eadem,
1554 1610 1721 1675 quae
1770 1609 1893 1671 per
1939 1587 2061 1647 hos
2111 1583 2303 1646 ludos
2357 1585 2423 1645 in
2461 1600 2713 1670 specta-

1220 1699 1440 1761 culum
1480 1692 1769 1754 exhibita
1804 1701 1986 1761 sunt,
2028 1687 2322 1746 numeris
2368 1700 2582 1748 autem
2616 1687 2714 1748 in-

1221 1795 1427 1859 dicari
1469 1795 1644 1868 dies,
1693 1788 1928 1873 quibus
1982 1800 2160 1848 certa
2213 1787 2533 1870 quaedam
2582 1786 2717 1849 ani-

1164 1898 1414 1960 'malia
1476 1896 1542 1955 in
1605 1903 2030 1971 conspectum
2093 1888 2329 1951 emissa
2373 1888 2566 1950 fuere
2630 1893 2710 1966 ⁸).

1214 1998 1588 2081 'Vtrumque
1624 1992 1952 2055 adsertum
1993 2008 2226 2070 graves
2247 2004 2556 2072 premunt
2592 1989 2718 2052 dif-

1218 2099 1567 2175 ficultates.
1625 2098 1785 2155 Nam
1846 2090 1899 2149 si
1935 2089 2289 2173 placuisset
2333 2095 2714 2154 monetariis

1219 2194 1519 2263 inserere
1570 2195 1787 2256 numis
1835 2193 2170 2277 proposita
2214 2205 2349 2253 tum
2388 2195 2711 2271 animalia,

1223 2300 1615 2382 selegissent
1645 2293 1817 2357 haud
1862 2294 2058 2355 dubie
2096 2295 2162 2354 in
2212 2306 2438 2385 typum
2473 2296 2720 2358 anima·
2767 2316 2778 2324 ·

1164 2403 1309 2463 δΙίει
1358 2400 1572 2460 minus
1628 2395 1856 2469 obvia,
1921 2409 1991 2456 et
2031 2414 2198 2479 quae
2253 2414 2376 2478 per
2434 2396 2721 2458 insolen-

1221 2504 1417 2575 tiam,
1464 2513 1531 2561 et
1561 2495 1738 2580 quod
1765 2486 1962 2579 longe
1987 2540 2003 2571 ,
2051 2509 2284 2558 etcum
2315 2494 2717 2571 discrimine,

1224 2601 1609 2686 magnisque
1666 2598 2028 2679 sumptibus
2091 2595 2377 2680 petenda
2427 2580 2716 2673 ’fuet-ant,

1221 2704 1432 2788 magis
1489 2701 1614 2763 bac
1676 2697 1985 2759 ludorum
2056 2698 2442 2760 celebritate
2515 2697 2720 2780 digna

1221 2806 1508 2869 fuerant.
1595 2800 1764 2862 Sane
1802 2799 2205 2882 Capitolinus
2250 2800 2425 2861 inter
2462 2797 2637 2861 feras
2683 2819 2718 2859 a

1115 2984 1124 2992 ·
1222 2905 1536 2988 Philippo
1597 2917 1735 2965 tum
1794 2900 2147 2982 productas
2203 2912 2527 2961 memorat
2587 2899 2722 2960 ele-

1222 3007 1537 3092 phantos,
1599 3004 1815 3077 alces,
1875 3002 2122 3092 tigres,
2178 2999 2560 3082 leopardos,
2605 3002 2756 3083 luy-r

1228 3126 1459 3179 aenas,
1534 3104 2067 3174 rhinocerotem,
2157 3089 2718 3183 camelopardalos

1231 3221 1358 3269 etc.
1412 3203 1492 3283 ¹²).
1560 3207 1644 3267 At
1685 3204 1925 3266 horum
1956 3202 2330 3264 animalium
2367 3203 2621 3265 nullum
2654 3203 2722 3264 in

1230 3308 1334 3369 his
1366 3307 1617 3382 numis,
1665 3305 1782 3367 sed
1807 3306 1872 3365 in
1914 3323 2140 3394 eorum
2180 3304 2398 3367 locum
2423 3349 2440 3381 ,
2487 3305 2543 3366 si
2581 3305 2725 3389 hip-

1124 3423 1133 3433 ’
1229 3422 1648 3493 popotamum
1702 3422 1769 3470 et
1822 3408 2085 3468 leonem
2134 3404 2390 3484 demas,
2436 3405 2561 3468 alia
2604 3405 2724 3466 mi-

1226 3531 1463 3571 norum
1512 3510 1840 3593 gentium,
1904 3507 2086 3570 cervi
2131 3515 2538 3590 'et*caprae,
2584 3507 2723 3591 qui-

1228 3609 1352 3671 bus
1426 3611 1898 3693 amphitheatra
1974 3631 2203 3691 parum
2250 3608 2721 3683 illustrantur,

1233 3707 1379 3773 sese
1425 3710 1733 3774 offerunt.
1824 3709 2024 3783 Novi,
2085 3708 2150 3768 in
2208 3709 2446 3770 horum
2510 3729 2641 3770 uno
2686 3731 2721 3771 a

1235 3810 1635 3895 spanhemio
1686 3811 1895 3873 videri
1948 3809 2159 3871 aloem
2221 3811 2314 3886 c),
2378 3810 2448 3869 in
2494 3808 2639 3870 aliia
2688 3831 2726 3871 a

1124 3952 1133 3959 —
1232 3912 1432 3974 variis
1470 3909 1822 3992 hyaenam,
1869 3931 2099 3974 verum
2153 3924 2262 3972 aut
2290 3910 2565 3972 nimium
2600 3910 2727 3972 sibi

1232 4010 1571 4073 indulsere
1634 4013 1876 4074 eruditi
1933 4011 2004 4072 hi
2060 4012 2225 4088 viri,
2287 4031 2437 4073 cum
2499 4010 2724 4075 videre

1234 4116 1486 4178 vellent
1522 4097 1606 4173 in
1656 4113 1907 4188 numis,
1953 4133 2119 4197 quae
2153 4113 2559 4198 Capitolinus
2591 4107 2726 4176 me·

1234 4216 1485 4277 moriae
1519 4214 1869 4297 ‘prodidit,
1931 4228 2040 4277 aut
2102 4236 2334 4278 numos
2392 4237 2525 4278 non
2571 4216 2725 4277 satis

1235 4316 1532 4400 integros
1576 4315 1732 4396 prae
1778 4316 1988 4380 oculis
2031 4305 2345 4379 habuere.
2403 4318 2493 4385 Vt
2521 4317 2725 4400 igitur

1315 4553 1377 4621 a)
1417 4551 1617 4607 lobert
1655 4552 1721 4607 Τ.
1761 4550 1805 4606 Ι.
1844 4570 1904 4626 p.
1947 4557 2071 4613 147.
2142 4548 2283 4626 Pagi
2314 4548 2533 4608 Critica
2564 4552 2697 4610 Bar.
2729 4549 2807 4605 ad
2836 4531 2970 4608 ann.
2999 4550 3254 4615 Ch.247.
3292 4516 3452 4623 §.100

2291 4642 2352 4714 e)
2386 4638 2608 4698 Chron.
2647 4640 2902 4700 Eusebii.

1242 4643 1294 4709 c)
1334 4640 1401 4694 T.
1441 4639 1487 4701 1.
1526 4658 1589 4714 p.
1633 4651 1754 4711 197.
1904 4636 1983 4712 d)
2010 4636 2053 4696 1.
2094 4657 2144 4696 c.

2371 380 2986 467 P'IIILIPPVS
3057 376 3114 466 1.

2822 573 3013 649 dem,
3091 592 3293 636 unum
3351 572 3717 635 alterumve
3788 562 4060 652 animal,
4137 583 4319 664 quod

2823 674 3085 739 cimelia
3115 676 3278 737 haec
3315 673 3583 747 sistunt,
3632 691 3777 734 esse
3825 693 3909 735 ex
3942 696 4170 746 eorum
4201 700 4318 762 ge-

2820 795 3020 851 nere,
3080 794 3247 859 quae
3300 775 3488 837 ludos
3532 773 4000 853 nobilitarunt,
4065 781 4154 842 ita
4209 780 4314 841 vix

2825 873 3109 961 dedero,
3155 876 3332 938 idem
3374 896 3519 939 esse
3553 875 3636 937 de
3675 876 3948 960 reliquis
3972 878 4314 961 judicium,

2824 977 2952 1041 nisi
2995 979 3274 1041 velimus
3333 977 3690 1039 Romulum
3747 960 4010 1062 quoque
4070 1001 4144 1044 ac
4188 985 4322 1043 Re-

2829 1101 3044 1155 mum,
3092 1080 3300 1164 quiin
3342 1080 3559 1140 numia
3604 1098 3754 1141 cum
3797 1095 3950 1143 nota
3999 1081 4080 1143 11.
4120 1081 4313 1166 lupae

2829 1200 2986 1242 suae
3039 1178 3365 1244 beneficio
3428 1180 3774 1254 fruuntur,
3852 1184 4119 1246 venatui
4176 1198 4315 1245 tum

2826 1282 3030 1367 fuisse
3092 1282 3464 1367 expositos,
3528 1282 3637 1366 qui
3707 1282 3881 1344 idem
3925 1296 4118 1368 typus
4162 1284 4320 1346 alte-

2825 1406 2966 1447 ram
3011 1404 3274 1469 quoque
3318 1383 3706 1446 sententiam
3765 1381 4058 1468 adfligit,
4129 1406 4316 1471 quae,

2827 1500 2900 1548 ut
2946 1484 3114 1558 dixi,
3163 1485 3396 1547 missus
3426 1484 3698 1547 diurnos
3742 1485 3843 1546 his
3886 1488 4179 1548 numeris
4223 1488 4318 1548 in·

2829 1584 3032 1647 dicari
3058 1585 3300 1648 statuit.
3347 1586 3467 1649 Cui
3499 1586 3860 1650 sententiae
3891 1585 4106 1648 obstat
4122 1587 4316 1650 etiam

2828 1684 3033 1760 illud,
3080 1687 3256 1770 quod
3302 1685 3455 1750 inde
3503 1677 3929 1772 sequeretur,
3994 1686 4169 1750 ludis
4213 1687 4315 1750 his

2827 1788 3159 1871 impensos
3218 1787 3422 1859 fuisse
3481 1790 3711 1851 saltem
3769 1789 3910 1854 dies
3952 1791 4103 1868 VL,
4168 1814 4316 1855 nam

2830 1900 2965 1959 tot,
3030 1902 3101 1950 ut
3145 1886 3461 1964 diximus,
3528 1892 3789 1953 numeri
3846 1890 3914 1952 in
3960 1892 4062 1954 his
4103 1874 4320 1954 n'umis

2830 2003 3177 2050 exarantur
3194 2010 3214 2061 3
3261 1989 3418 2074 quin
3452 2005 3519 2052 et
3550 2014 3894 2056 numerum
3924 1978 4007 2058 X}
4029 2037 4047 2068 ‚
4092 1994 4319 2055 nescio

2830 2088 3002 2151 unde
3033 2104 3370 2172 acceptum
3395 2133 3414 2164 ‚
3457 2093 3647 2154 nobis
3692 2095 3930 2157 obtulit
3961 2095 4202 2178 Pagina
4236 2092 4319 2173 d).

2830 2190 2916 2251 At
2959 2209 3122 2252 vero
3168 2191 3339 2253 ludis
3387 2196 3829 2258 saecularibus
3880 2196 4035 2258 inde
4088 2196 4169 2257 ab
4212 2214 4322 2257 eo·

2827 2292 2977 2351 'rum
3028 2306 3262 2354 exortu
3310 2293 3451 2356 dies
3492 2304 3737 2358 tanturn
3782 2312 3954 2370 tres,
4011 2295 4321 2359 totidem·

2833 2411 2960 2474 que
2999 2406 3229 2454 noctes
3258 2394 3463 2457 fuisse
3495 2400 3931 2483 praescriptas
3954 2443 3972 2475 ,
4017 2398 4190 2483 apud
4211 2421 4322 2460 au·

2835 2502 3052 2554 ctoi‘es
3099 2514 3326 2557 omnes
3389 2497 3706 2580 legimus,
3773 2521 3847 2562 ac
3891 2500 4193 2582 privatim
4237 2498 4321 2561 de

2833 2594 3198 2678 Philippeis
3243 2597 3344 2658 his
3372 2599 3815 2663 saecularibus
3846 2602 3934 2663 ait
3966 2603 4054 2664 D.
4084 2601 4323 2662 Hiero·

2835 2717 3065 2777 nymus
3099 2702 3188 2775 e):
3235 2701 3670 2776 Beqnanlihus
3706 2706 4019 2783 Philippis
4065 2705 4324 2765 mille-si·
4347 2730 4360 2739 ²

2834 2819 2974 2858 mus
3026 2819 3234 2859 annu-s
3278 2802 3607 2863 Romanae
3649 2808 3827 2865 urbis
3874 2804 4165 2884 expleius
4206 2814 4321 2877 est,

2835 2901 2912 2959 ob
2957 2920 3150 2982 quam
3202 2900 3664 2963 solennitatem*
3691 2908 4186 2968 innumerabiles
4219 2908 4322 2966 be-

2834 3001 3001 3061 stiae
3036 3004 3106 3061 in
3144 3004 3318 3064 Circo
3348 3024 3578 3084 nia-qno
3608 3010 3979 3087 interfectae
3997 3052 4016 3083 ,
4062 3012 4321 3092 ludique

2836 3103 2906 3160 in
2944 3104 3171 3182 Campo
3205 3107 3441 3194 Martio
3472 3110 3812 3171 theatrales
3839 3110 4049 3171 tribus
4090 3109 4321 3171 diebus

2839 3220 2913 3261 ac
2948 3201 3246 3286 nxoctibus
3277 3208 3515 3284 populo
3538 3212 3970 3287 perviyilantc
3998 3197 4320 3290 celebrati.

2838 3302 3029 3368 Vnde
3058 3315 3126 3364 et
3157 3317 3341 3366 recte
3374 3303 3538 3369 dixit
3566 3309 3890 3371 Ausonius
3932 3309 4013 3392 ¹'):

2847 3435 3044 3501 Trina
3085 3441 3419 3504 Terentino
3459 3447 3776 3507 celebrata
3795 3505 3802 3510 ,
3821 3449 4127 3511 trinoctia
4153 3452 4319 3512 ludo.

2959 3608 3064 3700 Eg
3116 3626 3248 3692 quo
3297 3607 3526 3692 colligi
3575 3623 3826 3694 potest,
3890 3612 4015 3675 etsi
4067 3613 4137 3675 hi
4187 3617 4319 3704 typi

2838 3701 3118 3770 docente
3147 3709 3576 3793 inscriptione
3611 3712 3690 3773 ad
3725 3713 3916 3776 ludos
3943 3707 4324 3779 'saeculares

2840 3824 3024 3873 certo
3084 3809 3493 3894 pertineant,
3563 3813 3753 3874 aliam
3798 3826 4018 3877 tamen
4058 3816 4323 3879 illorum

2842 3929 2986 3971 esse
3025 3910 3613 3995 significationem,
3660 3916 4016 4000 praecipue
4042 3937 4192 3980 cum
4236 3918 4327 3978 vi-

2843 4009 3151 4090 deamuS,
3183 4081 3190 4089 ,
3225 4014 3389 4076 alios
3449 4013 3648 4096 typos*
3693 4017 3843 4092 uni,
3912 4019 4077 4080 alios
4135 4018 4326 4081 alteri

2839 4110 3121 4197 principi
3182 4134 3264 4176 ex
3323 4116 3534 4178 tribus
3590 4115 4059 4200 imperantibus
4119 4119 4325 4188 fuisso

2844 4228 3235 4279 reservatos.
3321 4217 3424 4278 Ad
3474 4238 3788 4281 numeros
3855 4218 4030 4303 quod
4072 4218 4326 4295 attinet,

2839 4317 2907 4376 in
2939 4315 3020 4376 iis
3048 4316 3215 4377 nihil
3247 4316 3421 4379 aliud
3445 4316 3636 4382 video
3665 4335 4121 4407 praeterquam
4138 4336 4324 4404 notas

3601 4551 3672 4628 b)
3709 4553 3773 4612 in
3808 4554 4121 4616 Gord.111.
4156 4575 4204 4615 c.
4236 4566 4321 4620 33.

3047 4642 3100 4714 ί)
3143 4643 3339 4700 Carm.
3377 4643 3503 4706 336·
3543 4662 3599 4703 v.
3637 4650 3728 4709 34·
4209 4633 4212 4636 Δ
