4652 5937
1387 481 2097 567 COMMODVs‚

200 698 270 749 et
327 685 798 748 Buonarrotus
829 666 923 750 ·),
985 684 1149 752 quos
1197 664 1325 748 jam
1396 664 1709 728 refutavit

197 780 564 848 Bimardus
595 780 685 858 t.)-

327 879 682 963 Prineipio
717 894 903 939 usum
936 868 1310 935 nominibus
1345 871 1417 931 L.
1456 869 1713 930 Aurelii

204 986 581 1056 Commodi,
643 977 838 1063 primi
889 974 1030 1056 ejus
1086 972 1269 1034 numi
1298 970 1556 1033 docent.
1636 970 1710 1028 In

202 1089 344 1162 his,
392 1083 637 1146 saltem
671 1079 832 1141 mihi
886 1073 1197 1162 csognitis,
1242 1074 1422 1135 Aelii
1468 1090 1707 1132 nomen

203 1211 337 1254 non
373 1184 687 1256 additur,
732 1178 850 1241 sed
878 1198 959 1239 eo
992 1176 1188 1237 etiam
1226 1188 1359 1236 tum
1394 1172 1522 1254 jam
1553 1170 1712 1232 fuis·

213 1311 284 1354 se
318 1284 700 1372 praeditum
721 1325 739 1357 ,
785 1279 981 1344 docet
1011 1275 1400 1358 ejus‘aetatis
1421 1291 1709 1335 marmor
1746 1360 1752 1366 .

208 1389 684 1455 Gruterianum
705 1427 721 1457 ,
772 1383 840 1443 in
872 1400 1002 1466 quo
1032 1377 1281 1461 legitur
1312 1377 1407 1455 0)=
1452 1376 1532 1435 L.
1564 1373 1710 1434 AE-

211 1493 390 1559 LIO.
422 1483 850 1556 AVRELIO.
882 1478 1082 1548 AvG.
1120 1480 1194 1540 F.
1227 1473 1709 1541 COMMODO.

209 1593 403 1662 (208.
448 1586 756 1654 Retinuit
790 1567 954 1647 hae'c
987 1579 1249 1642 nomina
1281 1577 1476 1640 etiam
1494 1579 1714 1657 Augu·

216 1711 392 1770 stus,
453 1706 526 1754 et
579 1690 897 1769 leguntur
941 1681 1153 1746 adhuc
1187 1680 1256 1741 in
1297 1678 1512 1739 numis
1560 1675 1712 1739 anni

220 1799 301 1868 V.
334 1798 407 1860 C.
452 1790 608 1874 933.
674 1787 807 1848 Sed
846 1785 974 1847 hoo
1025 1781 1290 1844 labente
1340 1777 1710 1861 repudiavit

223 1911 629 1982 praenomen
663 1892 855 1952 Lucii
878 1930 896 1960 ,
940 1896 1200 1947 retento
1237 1880 1430 1943 etiam
1456 1876 1716 1940 nonnisi

222 2017 370 2062 raro
424 1996 497 2056 in
532 1989 755 2054 numis
808 1985 1064 2050 Aurelii
1103 1980 1408 2055 nomine,
1482 1979 1715 2063 hisque

224 2113 491 2183 paterna
518 2092 785 2155 nomina
838 2093 925 2150 M.
953 2090 1271 2150 Antonini
1299 2079 1598 2154 suffecit,
1649 2093 1717 2142 et

228 2197 517 2286 perrexit
558 2194 667 2255 his
718 2189 813 2252 uti
859 2207 1028 2250 anno
1081 2185 1293 2248 adhue
1322 2184 1404 2251 V.
1440 2182 1511 2243 C.
1563 2182 1718 2261 944.

229 2300 519 2363 Labente
557 2293 689 2356 hoc
737 2305 1034 2371 tempore
1078 2285 1280 2347 homo
1332 2280 1552 2344 varius
1603 2299 1716 2354 ,re-

232 2403 401 2485 cepit
473 2410 703 2462 vetera
761 2389 1028 2454 nomina
1090 2391 1165 2451 L.
1216 2388 1399 2448 Aelio·
1458 2384 1718 2446 Aurelii

234 2504 468 2567 omisso
520 2498 720 2562 etiam
749 2493 1107 2565 Antonini,
1149 2486 1361 2570 iisque
1396 2503 1603 2569 usque
1635 2480 1718 2543 ad

239 2604 474 2665 exitum
505 2600 682 2659 vitae
714 2607 813 2658 est
848 2609 1002 2654 usus
1038 2587 1309 2671 egregie
1324 2607 1474 2649 cum
1503 2584 1718 2646 numis

240 2701 652 2784 conspirante
672 2694 861 2757 titulo
889 2692 1223 2752 literarum
1236 2733 1251 2762 ‚
1294 2707 1486 2771 quem
1500 2682 1722 2769 proxi·

242 2824 341 2866 me
362 2823 441 2865 ex
457 2800 683 2861 Dione
704 2793 920 2859 citavi.
949 2790 1115 2872 Ejus
1137 2785 1509 2853 variationis
1529 2805 1721 2847 causa

240 2901 680 2966 fueriteadem
701 2941 716 2971 ,
764 2913 928 2982 quae
958 2891 1348 2955 totaliorum
1380 2881 1721 2950 Cohmodi

245 3003 472 3069 stolide
501 3003 850 3066 factorum.

363 3101 707 3170 LVCIVS.
749 3103 805 3162 A
836 3116 966 3183 quo
1000 3111 1400 3178 praenomen
1438 3090 1567 3151 hoe
1599 3101 1727 3148 tra·

249 3211 443 3284 aierit,
489 3226 625 3268 non
658 3200 1018 3264 meminere
1044 3208 1327 3256 veteres.
1370 3193 1722 3252 Paternum

250 3324 420 3374 certe
448 3328 584 3370 non
615 3304 758 3367 fuit.
804 3299 1081 3367 Videtur
1110 3293 1214 3356 illi
1269 3316 1303 3356 a
1338 3305 1522 3374 patre
1562 3288 1727 3350 indi·

249 3427 377 3473 tum
414 3412 481 3470 in
518 3403 744 3470 fratris
797 3397 1084 3482 adoptivi
1120 3394 1377 3463 L.Veri
1430 3390 1724 3476 gratiam,

252 3535 285 3573 a
328 3531 451 3595 quo
486 3502 850 3573 verisimile
888 3514 988 3563 est
1014 3512 1081 3561 et
1117 3498 1436 3560 Commodi
1459 3510 1724 3565 nomen,

155 3600 158 3607 ¹
251 3612 331 3679 ab
360 3608 628 3673 Aurelia
669 3618 865 3690 gente
899 3614 1119 3665 cetera
1153 3597 1475 3670 alienum,
1519 3591 1724 3654 fuisse

202 3791 208 3797 Ι
256 3712 538 3795 petitum.
603 3710 911 3779 Constat,
953 3699 1297 3765 Aurelium
1340 3714 1507 3757 anno
1536 3695 1617 3761 V.
1652 3692 1724 3753 C.

256 3823 408 3892 914,
449 3831 582 3895 quo
626 3807 900 3870 fratrem
932 3798 1193 3885 imperii
1242 3796 1584 3878 conlegam
1620 3791 1729 3857 ad-

262 3912 477 3989 scivit,
518 3910 677 3973 huic
705 3927 828 3992 pro
865 3917 1090 3969 vetere
1118 3903 1198 3964 L.
1233 3895 1578 3961 Commodi
1614 3914 1731 3957 no-

262 4013 422 4075 mine
470 4009 785 4075 indidisse
830 4024 1071 4069 nomen
1114 4004 1191 4063 L.
1216 3997 1400 4069 Veri.
1460 3997 1733 4061 Placue-

261 4114 341 4175 rit
368 4114 566 4197 igitur
603 4110 978 4190 ademptum
1003 4108 1080 4167 L.
1113 4098 1459 4167 Commodi
1487 4115 1731 4159 nomen

265 4214 681 4289 resuscitare,
725 4209 894 4273 illud
937 4208 1007 4269 in
1044 4205 1254 4270 filium
1289 4200 1538 4282 aliquot
1580 4209 1733 4281 post

269 4333 511 4377 menses
527 4329 748 4376 natum
768 4307 1243 4398 transferendo.
1287 4300 1577 4367 Exhibet
1594 4302 1736 4361 Mu-

268 4416 535 4479 ratoriua
581 4433 904 4489 marmor,
960 4409 1136 4496 quod
1166 4419 1517 4491 utrumque
1550 4419 1737 4486 prae-

3130 501 3309 592 ‚1⁵33

1823 686 2065 728 nomen
2131 665 2511 749 conjungit,
2601 668 2881 752 scripto:
2978 673 3057 736 L.
3114 671 3312 738 ΑΕΒ.

1824 767 2027 833 AVR.
2073 769 2162 827 M.
2214 767 2694 833 COMMODO.
2742 768 2806 850 d)
2864 770 2979 831 sed
3033 772 3114 834 de
3170 774 3315 854 ejus

1824 865 1959 929 fide
2022 867 2271 931 dubitat
2335 868 2476 951 ipse
2529 869 2777 944 editor,
2840 886 2906 934 et
2940 872 3316 935 subdubitat

1827 966 2438 1063 quoqueMarinius
2470 971 2547 1049 ο).
2614 972 2784 1039 Vide
2839 973 2920 1036 de
2967 973 3095 1035 boc
3125 996 3317 1058 argu·

1825 1082 2049 1132 mento
2092 1068 2404 1131 nonnulla
2441 1071 2563 1133 alia
2596 1073 2663 1134 in
2694 1076 2906 1136 numis
2939 1076 3179 1153 Getae,
3212 1097 3323 1139 cu-

1821 1166 1927 1249 jus
1963 1189 2224 1253 quoque
2256 1174 2676 1253 praenomina
2716 1176 3074 1239 variarunt.

1949 1271 2286 1335 AELIVS.
2338 1271 2479 1334 Hoc
2516 1273 2865 1336 illinomen
2902 1275 3056 1338 inde
3092 1276 3170 1338 ab
3189 1279 3323 1339 Ha-

1823 1369 2050 1433 driano
2119 1392 2242 1454 per
2285 1373 2603 1455 repetitae
2668 1376 3033 1458 adoptionis
3091 1379 3314 1460 legem

1829 1470 2125 1534 accessit.
3251 1515 3256 1520 ·

1954 1571 2174 1638 Plvs.
2228 1573 2332 1634 De
2378 1594 2569 1638 causa
2608 1578 2839 1642 ,collati
2884 1579 3074 1662 hujus
3111 1580 3317 1663 elogii

1827 1674 1938 1756 egi
1980 1672 2056 1735 ad
2096 1693 2332 1736 annum
2369 1679 2448 1743 V.
2480 1678 2555 1738 C.
2588 1676 2750 1758 936,
2817 1701 2945 1763 quo
2986 1681 3151 1742 illud
3183 1681 3319 1765 pri·

1827 1796 2005 1837 mum
2055 1774 2122 1836 in
2175 1775 2392 1837 numis
2430 1777 2694 1860 legitur.
2756 1779 2943 1840 Pium
2979 1781 3106 1861 jam
3146 1803 3317 1845 anno

1830 1877 1954 1960 934
1983 1878 2185 1942 fuisse
2221 1877 2465 1942 dictum
2487 1922 2504 1951 ,
2578 1879 2798 1939 statuit
2830 1880 3318 1942 Mediobarbus.

1829 1982 1976 2041 Non
2017 1980 2335 2078 impugno
2381 1978 2696 2040 maturius
2726 1979 2900 2040 istud
2935 1980 3318 2052 exordium3

1830 2100 1975 2142 nam
2011 2093 2267 2162 poterat
2304 2077 2542 2141 vidisse
2577 2100 2808 2141 numos
2844 2081 3104 2161 ignotos
3135 2083 3317 2142 mihi.

1811 2181 1917 2271 'At
1961 2201 2080 2259 cur
2123 2179 2337 2255 idem,
2386 2181 2498 2263 qui
2543 2178 2683 2258 ejus
2726 2179 2901 2241 tituli
2942 2181 3188 2242 natales
3234 2182 3318 2244 ad

1829 2301 2067 2342 annum
2109 2282 2192 2347 V.
2226 2281 2296 2343 C.
2335 2279 2462 2363 934
2520 2278 2700 2363 figit,
2775 2280 2906 2361 jam
2963 2280 3041 2341 ad
3114 2304 3318 2344 annos

1830 2382 2003 2444 hunc
2038 2380 2511 2463 praecedentes
2543 2381 2889 2442 Commodi
2931 2382 3320 2444 numismata

1832 2483 1987 2546 citat
2030 2484 2145 2543 ΡΠ
2188 2500 2429 2543 nomen
2459 2480 2946 2562 praeferentia?
2993 2483 3320 2543 Statutum

1834 2604 1870 2644 a
1915 2600 2020 2643 me
2068 2582 2411 2643 exordium
2475 2579 2904 2662 comprobant
2945 2583 3126 2642 numi
3168 2585 3321 2645 Ale-

1836 2682 2177 2756 xandrini,
2248 2681 2315 2741 in
2362 2679 2596 2764 quibus
2630 2663 2858 2741 titulus
2907 2676 3320 2748 e‘rCGBHc

1835 2805 1969 2847 non
2009 2782 2254 2866 legitur
2285 2795 2434 2843 ante
2480 2801 2714 2842 anuum
2752 2778 2912 2856 ΚΔ,
2958 2783 3069 2866 qui
3099 2784 3321 2868 coepit

1836 2884 1905 2945 in
1939 2883 2116 2945 Thot
2158 2884 2238 2947 V.
2263 2883 2351 2943 ·C.
2390 2880 2535 2963 936.

1962 2984 2252 3047 FELIX.
2313 2986 2551 3045 Narrat
2602 2982 3016 3065 Lampridius
3067 2980 3141 3064 s),
3213 2984 3321 3049 da-

1838 3100 1977 3148 tum
2036 3086 2212 3147 hunc
2282 3082 2543 3144 titulum
2596 3082 3021 3158 Commodo‚.
3068 3101 3325 3168 postea.

1841 3207 2032 3271 quam
2111 3183 2468 3256 Perennis,
2545 3183 2656 3265 qui
2707 3184 2988 3245 inhiasse
3043 3184 3324 3268 imperio

1840 3285 2266 3359 credebatur,
2331 3304 2479 3346 cum
2538 3283 2784 3344 familia
2811 3297 2910 3345 est
2946 3286 3323 3349 exstinctus.

1838 3386 1988 3448 Hoc
2048 3383 2408 3467 Lampridii
2497 3383 2941 3446 testimonium
3001 3385 3325 3449 mendacii

1839 3486 2055 3571 arguit
2092 3484 2594 3559 Tillemontius,
2674 3485 2978 3567 quoniam
3024 3486 3329 3550 Commo-

1842 3588 1962 3650 dus
1999 3587 2128 3670 jam
2180 3587 2248 3648 in
2294 3585 2512 3647 numis
2555 3584 2706 3646 anni
2737 3584 2819 3648 V.
2861 3586 2931 3647 C.
2962 3584 3083 3667 934
3140 3589 3327 3650 Felix

1842 3686 2081 3751 dicitur
2096 3732 2113 3763 ,
2150 3685 2470 3749 Perennis
2489 3698 2703 3747 autem
2725 3685 2952 3747 saltem
2970 3686 3329 3780 quinquen-

1842 3787 1953 3850 nio
2014 3787 2226 3848 serius
2286 3806 2514 3849 caesus
2572 3785 2657 3847 sit
2687 3790 2769 3863 8).
2846 3788 2929 3846 At
2978 3788 3211 3870 quibus
3263 3791 3330 3849 in

1840 3886 2097 3951 numia?
2139 3883 2572 3961 Mediobarbi,
2619 3904 2784 3968 quos
2808 3884 2950 3967 ipse
2977 3899 3194 3949 testes
3218 3888 3327 3951 ad-

1844 4002 2052 4053 vocat.
2095 3990 2346 4056 Verum
2387 4004 2785 4069 magnopere
2827 4008 2862 4047 a
2897 3984 3331 4049 Mediobarbo

1844 4091 2174 4153 diversum
2216 4086 2455 4150 docent
2495 4087 2677 4147 numi
2718 4104 2849 4146 non
2878 4085 3163 4170 ignave,
3210 4087 3328 4149 sed

1845 4205 2124 4265 maturo,
2177 4203 2249 4252 ut
2295 4187 2605 4272 oportuit,
2649 4186 2946 4251 examine
2992 4184 3328 4271 descripti,

1847 4305 2040 4374 atque
2066 4289 2138 4351 hi
2157 4287 2584 4354 Commodum
2611 4288 2870 4350 nonnisi
2884 4286 3145 4349 labente
3161 4309 3334 4351 anno

1846 4392 1999 4459 V.C
2038 4392 2184 4476 938.
2228 4394 2502 4454 Felicem
2521 4390 2803 4473 denique
2839 4389 3138 4452 salutant.
3186 4389 3333 4450 Stet

266 4529 3334 4573 ....—-.-....----—--—-———————-—-—-—-—--—-

366 4630 421 4700 a)
460 4628 764 4689 Osservaz.
800 4646 867 4702 p.
903 4580 1036 4687 103.ae

281 4722 391 4784 261.
426 4728 477 4782 7.
625 4716 695 4791 d)
733 4717 870 4792 Pag.
913 4722 1045 4778 242.
1080 4720 1133 4777 5·

1187 4620 1257 4693 b)
1314 4619 1376 4676 in
1412 4615 1602 4695 Epist.
1633 4611 1713 4671 ad
1740 4610 1954 4670 Mafl‘ei.
1989 4629 2083 4687 ap.
2111 4609 2325 4667 Mutat.
2352 4606 2522 4665 Tom.
2557 4603 2602 4664 1.
2634 4614 2768 4680 pag.
2803 4613 2935 4664 122.

1246 4711 1307 4783 e)
1343 4709 1502 4767 Frat.
1542 4724 1664 4766 arv.
1698 4722 1760 4783 p.
1791 4710 1917 4767 ³55.
2026 4701 2077 4772 ί)
2116 4698 2263 4774 Cap.
2302 4704 2358 4759 8.

3096 4604 3171 4675 c)
3196 4603 3330 4679 Pag.

2468 4697 2532 4772 g)
2567 4691 2630 4751 in
2648 4692 2974 4753 Commodo
3005 4711 3067 4769 p.
3089 4710 3165 4751 m.
3192 4694 3334 4757 467.
