4652 5937
1183 481 1327 556 242

1174 663 1341 722 tate,
1391 661 1459 710 ut
1498 642 1890 711 claritudine
1926 662 2039 704 sua
2076 640 2421 703 oculorum
2456 638 2663 703 aciem

1170 749 1602 821 obtunderet,
1665 765 1748 808 ne
1787 746 1853 806 in
1897 741 2282 807 Caesaribus
2311 749 2664 826 appareant

1171 845 1619 913 obscurissimi
1651 844 1955 930 generis,
2004 863 2424 926 morumque,
2468 851 2536 902 et
2566 840 2665 901 ul-

1168 951 1366 1012 timae
1422 948 1722 1009 infamiae
1765 942 2031 1008 sordes!
2064 978 2067 981 ¹
2095 940 2432 1024 Principio
2465 936 2664 1002 artifi-

1169 1052 1342 1113 cium
1380 1071 1415 1111 c
1449 1063 1605 1111 voto
1640 1049 1857 1112 cessit.
1919 1046 2082 1105 Nam
2114 1041 2457 1127 proposito
2486 1059 2660 1103 novo
2711 1118 2718 1123 .

1167 1154 1295 1215 hoc
1351 1150 1680 1212 Antonino
1733 1144 2120 1209 adclamatit
2172 1143 2403 1206 milesz
2458 1147 2660 1205 Anto·

1170 1259 1394 1318 ninum
1441 1255 1777 1322 habemus,
1840 1250 2059 1308 omnia
2104 1247 2406 1307 habemus
2449 1254 2554 1335 ete
2578 1242 2657 1320 ⁸).

1167 1357 1255 1418 At
1284 1373 1414 1414 non
1437 1351 1644 1412 multo
1664 1362 1815 1433 post
1849 1346 2017 1408 male
2044 1344 2454 1409 materiatum
2482 1344 2655 1406 hune

1163 1453 1567 1518 Antoninum
1602 1450 1769 1512 alter
1800 1448 2032 1510 similis
2091 1442 2425 1529 compagis
2455 1445 2655 1508 Anto-

1161 1551 1354 1616 ninus
1403 1565 1683 1618 evertet.

1288 1656 1361 1715 In
1394 1671 1594 1714 numo
1626 1655 1956 1735 Aegarum
1995 1644 2264 1711 Ciliciae
2298 1646 2469 1728 apud
2483 1648 2656 1728 Hay·

1156 1755 1355 1817 mium
1400 1754 1509 1815 hic
1545 1756 1782 1817 Caesar
1832 1750 1977 1819 solo
2022 1751 2344 1812 Antonini
2387 1746 2651 1814 nomine

1159 1854 1509 1918 indicatur.

1531 2032 1991 2138 No'omsstmm
2035 2072 2286 2132 caesar.

1280 2259 1614 2321 Hactenus
1660 2255 1773 2318 'hio
1819 2253 2047 2322 titulus
2095 2273 2136 2315 ,a
2183 2229 2445 2315 moneta
2496 2271 2647 2335 qua·

1154 2378 1413 2444 cunque
1458 2356 1773 2432 extorris,
1812 2355 1973 2416 ·ctsi
2022 2354 2219 2426 illum‘
2257 2353 2386 2434 jam
2441 2356 2646 2418 Getae

1154 2460 1443 2524 tribuant
1481 2477 1842 2531 marmora,
1903 2468 1974 2518 ut
2020 2453 2323 2520 vidimus.
2385 2453 2646 2519 Primus

1152 2561 1220 2623 in
1260 2559 1512 2634 nmis,
1558 2558 1677 2620 sed
1705 2558 2040 2621 commatis
2072 2557 2446 2640 peregrini,
2493 2556 2648 2619 Dia·
2689 2598 2693 2608 ·

1155 2660 1582 2723 dumenianus
1603 2660 1694 2723 sic
1714 2658 2101 2743 appellatur,
2146 2677 2639 2741 quorumunum

1153 2760 1522 2824 Laodiceae
1569 2759 1868 2823 coloniae
1914 2757 2116 2818 edidit
2150 2752 2500 2838 Belleyu's‚
2547 2759 2642 2819 in-

1150 2863 1504 2945 scriptum:
1549 2860 1753 2923 NOB.
1790 2859 2030 2921 CAES.
2060 2856 2148 2939 1>).
2212 2858 2402 2920 Addo
2438 2859 2634 2922 alium

1152 2963 1454 3027 coloniae
1510 2958 1869 3023 Caesareae
1926 2957 2350 3021 Samaritidos
2409 2980 2637 3023 museo

1149 3065 1473 3124 Caesareo
1515 3082 1726 3145 nuper
1781 3060 2072 3131 illatum,
2129 3056 2351 3121 addito
2399 3061 2520 3122 sub
2564 3059 2639 3122 fi-

1147 3163 1341 3223 nem:
1409 3163 1487 3235 N.
1526 3163 1652 3222 CA,
1721 3160 1964 3222 Procul
2024 3158 2224 3220 dubio
2273 3160 2386 3245 qui
2439 3165 2637 3223 Anto·

1146 3263 1369 3335 ninus,
1415 3259 1590 3322 idem
1625 3274 1690 3323 et
1720 3260 2183 3322 nobilissimus.
2230 3261 2468 3324 Graeci
2505 3266 2636 3325 No·

1144 3366 1530 3424 ‘bilis-simum
1565 3364 1912 3425 Caesarem
1945 3355 2290 3426 verterunt
2338 3362 2641 3441 Επιφανε-

1157 3483 1382 3524 era-ror
1423 3463 1752 3540 Καισαριι,
1828 3476 1900 3526 ut
1944 3463 2096 3534 dixi,
2130 3465 2198 3528 in
2241 3464 2455 3526 munis
2503 3466 2635 3529 An·

1146 3564 1348 3628 tiocbi
1380 3545 1492 3631 1'V.
1525 3566 1755 3649 Syriae
1784 3564 1983 3661 regis.
2234 3567 2243 3573 ’

1667 3791 2126 3867 Augustus.

1270 3970 1581 4034 Pluribus
1600 3969 2370 4068 locisoDiadum‘enianum
2389 3969 2633 4037 diser-te

1143 4082 1582 4155 imperatorem
1613 4074 1899 4156 appellat
1933 4074 2064 4136 Dio
2095 4077 2176 4151 ο).
2249 4074 2427 4137 Alibi
2473 4089 2636 4138 tem-

1042 4191 1052 4200 ·
1141 4198 1264 4263 pus
1305 4174 1608 4240 distincte
1640 4173 1855 4249 docet,
1898 4173 2207 4238 nimirum
2236 4178 2634 4261 coeptojam

1142 4276 1452 4340 adversus
1466 4267 1895 4360 Elagabalum
1919 4277 2123 4354 hello,
2170 4299 2320 4344 cum
2356 4277 2632 4345 adhunc

1212 4527 1275 4593 a>
1308 4497 1618 4601 lamprid.
1661 4525 1724 4582 iu
1758 4524 1933 4581 Diad.
1976 4546 2027 4583 e.
2065 4541 2115 4585 1.

1100 4673 1105 4678 ,
1140 4614 1207 4681 d)
1247 4612 1404 4672 Ibid.
1446 4634 1500 4673 c.
1524 4621 1615 4678 34.
1798 4619 1859 4687 c)
1901 4617 2046 4690 Cap.
2084 4626 2135 4679 8.

1140 4705 1316 4762 Macr.
1356 4723 1405 4761 c.
1449 4717 1532 4765 ιο.
1682 4703 1730 4778 i)
1771 4705 1919 4762 Mus.
1952 4705 2170 4768 Veron·
2209 4727 2271 4791 p.
2309 4717 2435 4775 241.

2262 4527 2335 4600 b)
2377 4527 2548 4587 Mem.
2587 4491 2653 4587 13‘.
2694 4529 2757 4587 L.
2796 4526 3222 4589 Tomxxxnt.

2284 4622 2371 4689 ,sj
2413 4617 2547 4678 Mel.
2587 4619 2629 4678 Ι.
2672 4639 2730 4698 p.
2770 4632 2890 4683 too.

2205 451 3264 544 DIADVMENIANVS.

2778 638 3305 724 persequendum
3337 637 3692 723 Apameam
3736 660 4128 725 progressus
4171 665 4273 710 es·

2783 754 2885 803 set
2937 741 3304 817 Macrinus,
3369 739 3628 817 filium,
3685 741 3809 803 etsi
3847 745 4108 807 nonnisi
4161 745 4276 811 de·

2776 842 3027 906 nimum
3063 862 3302 904 annum
3332 854 3580 926 ageret,
3623 842 4088 926 imperatorem
4124 865 4273 911 esse

2775 941 3228 1019 renunciatpm
3259 940 3346 1025 d).
3408 941 3583 1039 Quin
3634 956 3701 1005 et
3742 943 3811 1004 in
3863 964 3978 1007 sua
4026 946 4104 1008 ad
4160 970 4276 1033 pa·

2773 1055 2943 1105 trem
3010 1043 3320 1127 epistola,
3408 1060 3600 1130 quam
3670 1043 3905 1107 recitat
3962 1045 4263 1132 Lampri-

2775 1141 2920 1207 dius
2947 1145 3010 1226 θ)
3030 1189 3049 1219 ,
3132 1145 3429 1231 scripsit:
3505 1148 3691 1208 Patri
3740 1153 4033 1228 Aaqusto
4085 1152 4267 1231 filius

2771 1249 3126 1329 Anyti-stus.
3229 1250 3569 1310 Honorem
3646 1246 3822 1309 hunc
3895 1247 4077 1309 numi
4137 1269 4272 1312 non

2770 1354 2985 1439 pauci,
3033 1353 3152 1416 sed
3196 1348 3537 1417 commatis
3569 1346 3929 1441 peregrini,
3974 1369 4050 1411 ac
4084 1369 4274 1433 prae·
4363 1433 4374 1437 -

2768 1454 2960 1537 cipue
2991 1453 3505 1527 Antiochenses,
3562 1462 3631 1512 et
3675 1448 3950 1535 insignis
3996 1449 4264 1532 Thyati-

2764 1574 2965 1618 renus
3029 1556 3201 1639 apud
3255 1551 3686 1617 Pellerinium
3728 1547 3778 1632 f)
3836 1550 4263 1631 confirmant,

2765 1654 2836 1715 in
2860 1654 3103 1741 quibus
3152 1654 3396 1719 dicitur
3425 1646 3640 1712 ATT.
3675 1651 3760 1716 Κ.
3805 1651 4027 1727 addito
4064 1654 4261 1719 etiam

2764 1775 3226 1842 nonnunquam
3289 1751 3477 1820 CGB.
3556 1767 3623 1816 et
3693 1773 3939 1816 corona
4013 1754 4262 1829 laurea,

2766 1877 2932 1940 quos
2966 1857 3196 1923 videre
3229 1870 3328 1920 est
3365 1842 4039 1940 apud'Pcllerinium‚
4083 1856 4270 1923 Veii·
4301 1891 4322 1913 x

2762 1958 3036 2021 lantiunt
3089 1959 3156 2021 in
3208 1955 3541 2033 Coloniis,
3600 1968 3668 2017 et
3710 1954 3778 2017 in
3827 1975 4056 2038 museo
4098 1956 4264 2018 Cae·

2681 2068 2684 2069 ’
2762 2066 2973 2123 careo.
3017 2058 3298 2123 Romani
3337 2055 3677 2146 commatis
3716 2075 3863 2118 cum
3893 2055 4086 2118 titulo
4123 2060 4258 2119 Ar-

2765 2160 2938 2244 gusti
2967 2156 3186 2223 nullus
3220 2172 3464 2234 exstat;
3510 2157 3733 2232 credo,
3782 2169 4087 2240 serpente
4121 2158 4254 2222 iam

2763 2259 2939 2322 inter
2986 2275 3337 2347 utrumque
3384 2258 3713 2322 aemulum
3760 2255 3981 2331 belle,
4044 2270 4111 2319 et
4157 2260 4259 2320 in·

2763 2375 2948 2424 certo
2964 2352 3144 2426 e‘xitu
3174 2363 3443 2426 differre
3466 2358 4095 2422 senatusconsultum
4119 2360 4262 2442 pla-

2708 2514 2719 2522 .
2761 2460 2933 2538 cuit,
2996 2484 3127 2549 quo
3187 2467 3425 2529 collata
3476 2462 3637 2524 haec
3700 2481 3735 2521 a
3780 2459 4072 2542 Macrino
4119 2461 4262 2543 ‹lig-

2757 2563 2924 2625 nitas
2952 2563 3472 2639 confirmaretur,
3517 2575 3589 2625 ut
3630 2572 3765 2621 tum
3810 2560 4011 2622 moris
4046 2559 4255 2623 fuisso

2755 2661 3101 2728 manifeste
3133 2666 3471 2749 colligitur
3493 2683 3574 2725 ex
3605 2661 3831 2724 Dione
3863 2661 3946 2738 s).
4008 2661 4247 2721 Paullo

2755 2777 2905 2846 post
2972 2766 3150 2829 victo
3207 2777 3487 2850 utroque
3551 2784 3625 2827 ac
3685 2754 3881 2826 caeso
3944 2777 4253 2846 exempta

2750 2863 3115 2928 haesitatio.
3167 2868 3382 2952 Atque
3411 2867 3574 2927 haec
3616 2885 3741 2925 una
3789 2883 3981 2927 causa
4016 2863 4245 2939 fuerit,

2751 2986 2873 3028 cur
2931 2965 3011 3030 ab
3039 2966 3222 3049 -ipsis
3285 2967 3619 3034 veteribus
3697 2964 4094 3050 disputatum,
4164 2959 4259 3031 sit

2749 3064 3039 3135 fueritne
3089 3068 3643 3154 Diadumenianus
3693 3088 3977 3151 unquam
4020 3070 4247 3153 Augu-

2751 3179 2889 3229 stus
2915 3166 3149 3245 dictus,
3196 3190 3360 3256 quos
3384 3169 3559 3233 inter
3595 3169 3687 3232 sic
3708 3168 4109 3252 Capitolinus
4141 3165 4245 3249 Ὃς

2753 3268 3103 3333 Sciendum
3129 3282 3468 3352 praeterea
3487 3315 3504 3347 ‚
3530 3313 3538 3318 -
3564 3276 3741 3354 quod
3774 3274 4007 3333 Caesar
4028 3275 4246 3353 fuisse

2748 3373 3039 3444 dicatur,
3083 3392 3213 3433 non
3242 3375 3572 3453 Anqustus
3599 3375 4030 3436 Diadumenus
4059 3394 4204 3454 pua
4223 3403 4245 3445 ⁷,

2748 3491 2933 3552 quem
2962 3474 3269 3556 plerique
3291 3477 3448 3555 pari
3473 3477 3687 3555 fuisse
3727 3493 3869 3536 cum
3896 3484 4088 3554 patre
4131 3477 4251 3537 im-

2738 3576 2925 3652 perio
2962 3575 3298 3636 tradidere.
3345 3574 3613 3636 Constat
3643 3574 3984 3649 nimirum,
4025 3573 4249 3639 adcla-

2747 3687 2992 3736 matum
3038 3694 3187 3737 eum
3231 3673 3435 3737 fuisse
3475 3696 3511 3736 a
3559 3687 3744 3756 patre
3777 3688 3844 3737 et
3902 3672 4240 3748 militibus,

2749 3772 2870 3835 sed
2912 3773 3199 3837 nondum
3257 3774 3535 3838 accessit
3585 3776 3905 3839 sententia
3952 3789 4237 3860 patrum,

2748 3895 2824 3939 ac
2854 3888 3204 3964 propterea
3223 3876 3687 3959 tergiversatas
3719 3875 4090 3959 provincias
4109 3876 4198 3941 Ο.
4235 3916 4243 3922 -
4301 3911 4306 3912 ff

2748 3973 3109 4037 eidentales
3152 3973 3552 4058 Augusteum
3601 3979 3865 4040 titulum
3907 3977 4240 4041 distulisse

2749 4075 3069 4156 suspicor.
3142 4077 3375 4141 Exstat
3413 4077 3585 4163 apud
3639 4083 3759 4142 nos
3805 4077 4238 4143 Vindobonae

2746 4175 2971 4239 nobile
3008 4197 3295 4240 marmor
3323 4176 3455 4259 jam
3497 4202 3535 4243 a
3562 4181 3939 4244 marchione
3966 4178 4238 4246 Maffeio

2747 4279 3081 4362 vulgatum
3126 4274 3175 4360 ἰ)
3199 4302 3217 4344 2

3356 4535 3418 4603 ο)
3456 4530 3519 4587 L.
3560 4531 3882 4592 Lxxvm.
3924 4536 4096 4609 §.⁸³2
4130 4543 4255 4598 ss.-

3076 4624 3142 4700 g)
3183 4618 3245 4677 L.
3287 4618 3551 4682 LXXIX.
3594 4627 3642 4698 ς.
3674 4635 3726 4686 2.
3759 4634 3817 4681 et
3847 4636 3898 4693 8.
4061 4623 4130 4696 h)
4177 4626 4235 4682 ἠ
