4652 5937
1461 394 2224 491 VICTORNJNS.
2304 426 2305 429 ‘

3233 438 3378 509 453

1505 752 1509 759 ⁴
1560 711 1681 773 PR
1704 712 1760 771 Ε
1788 713 1900 772 T!
1913 713 1979 775 V
1979 713 2065 773 M.

876 908 1083 972 Aurei
1139 949 2119 977 ..........
2162 990 2167 997 .
2206 953 2225 975 .
2280 954 2325 1001 Ι.
2409 954 2429 975 .
2517 958 2540 981 .
2625 959 2645 982 .
2729 917 2941 980 ΗΕΒ

876 1011 1195 1096 Argentei
1238 1010 1387 1094 puri
1455 1054 2644 1081 000000000000
2728 1019 2870 1080 RB.

876 1114 1087 1173 Aenei
1128 1116 1171 1174 1.
1215 1126 1283 1175 et
1320 1115 1403 1173 11.
1435 1112 1691 1178 formae
1881 1154 2640 1180 ........
2729 1118 2813 1180 Ο.

879 1214 1085 1277 Aenei
1130 1217 1243 1276 111.
1287 1214 1542 1280 formae
1658 1255 2649 1282 ..........
2733 1219 2808 1279 C.

1250 1531 1931 1594 VICTORINVS
2009 1529 2405 1592 FILIVS.

339 1713 343 1717 ’
401 1724 506 1786 De
536 1722 1033 1807 hoc·sequentia
1063 1723 1442 1786 Trebellius
1474 1724 1569 1806 ⁸)2‘
1612 1725 1771 1787 fuis-

268 1842 347 1888 se
375 1824 718 1891 Victorino
758 1823 963 1884 filium
1006 1828 1501 1909 cognominem,
1547 1828 1771 1894 Victo-

264 1925 459 1986 rinae
497 1940 829 2008 nepotem,
870 1938 1063 2007 atque
1098 1948 1133 1986 a
1168 1939 1353 2008 patre
1389 1927 1509 1987 sub
1540 1927 1767 1988 eadem
1818 1966 1823 1971 -

262 2026 477 2100 liora,
521 2046 644 2108 qua
685 2024 1117 2106 interemptus
1157 2027 1548 2108 Agrippinae
1584 2048 1617 2086 a
1654 2026 1803 2086 mi-‘

268 2124 502 2186 litibus
548 2138 681 2197 est,
728 2137 794 2184 et
845 2126 982 2185 avia
1027 2128 1375 2207 puerulum
1419 2125 1767 2187 admodum

268 2226 623 2287 Caesarem
673 2238 1145 2321 nuncupatum,
1209 2240 1277 2287 et
1326 2228 1541 2288 statim
1596 2227 1770 2289 hune

269 2343 538 2408 quoque
590 2323 670 2385 ab
725 2314 957 2386 iisdem
1010 2340 1445 2408 peremptum.
1489 2331 1768 2389 Exstare

268 2423 562 2508 denique
582 2426 752 2508 apud
776 2426 1203 2510 Agrippinam
1235 2427 1504 2490 humilia
1533 2429 1771 2489 utrius-

267 2544 403 2611 que
442 2528 741 2610 sepulcra
781 2528 1121 2610 inscripta.
1166 2533 1294 2592 Ηίσ
1333 2534 1460 2592 duo
1498 2532 1768 2593 Victori-

268 2630 348 2688 πί
388 2631 650 2706 tyranni
691 2633 806 2689 siti
848 2640 1014 2689 sunt.

396 2730 497 2789 Ne
531 2728 773 2791 frustra
808 2729 968 2792 haec
992 2702 1368 2791 Trebellius
1399 2729 1640 2792 dixisse
1671 2726 1787 2794 vi·

267 2828 576 2901 deretur,
624 2829 724 2890 sui
763 2828 917 2891 huic
965 2850 1228 2916 quoque
1267 2832 1348 2893 ab
1387 2832 1765 2916 antiquariis

267 2930 550 3013 quaesiti
604 2932 817 3008 numi,
880 2931 1248 3016 horumque
1300 2930 1476 2995 bene
1521 2933 1763 2995 multos

267 3033 523 3113 reperit
567 3032 738 3093 ultra
783 3031 1050 3098 modum
1088 3021 1353 3094 sedulus
1393 3034 1766 3096 Mediobar-

268 3128 417 3195 bns.
463 3131 872 3194 Moderatior
911 3132 1281 3193 Bandurius
1335 3146 1468 3195 tres
1512 3147 1761 3196 tantum

220 3247 233 3256 ’
270 3233 592 3307 secrevit,
641 3253 806 3316 quos
849 3231 988 3294 filio
1032 3231 1391 3309 tribueret,
1437 3234 1549 3317 qui
1584 3254 1766 3295 nem·

272 3352 356 3413 pe
399 3334 651 3395 vultum
697 3355 731 3395 a
775 3344 1049 3415 paterno
1108 3332 1373 3395 omnino
1430 3333 1758 3395 diversum

274 3431 718 3504 ostentabant,
756 3447 857 3506 et,
896 3446 968 3493 ut
1000 3433 1126 3515 ipsi
1160 3433 1366 3495 visum
1388 3477 1407 3509 ,
1442 3454 1759 3495 annorum

201 3607 207 3613 Ι
276 3532 575 3616 triginta,
612 3552 971 3615 omnesque
1007 3552 1151 3595 esse
1182 3535 1354 3594 inter
1388 3554 1457 3595 se
1491 3533 1758 3609 similes,

272 3633 613 3696 nimirum:
701 3636 876 3695 lMP.
928 3636 1001 3698 C.
1044 3635 1149 3695 Pl.
1200 3635 1762 3702 VICTORINVS.

277 3733 473 3803 AVG.
510 3730 558 3794 Ξ
591 3736 1059 3833 AEQVITAS.
1090 3734 1289 3806 AVG'.
1332 3735 1574 3798 Mirum
1610 3756 1762 3818 pro·

1883 1725 2062 1788 fecto
2090 1725 2431 1809 judicium.
2474 1724 2562 1792 'Vt
2588 1720 2813 1806 juveni
2845 1723 3000 1788 huic
3031 1725 3377 1811 Victorino

1884 1847 2037 1889 suos
2091 1828 2298 1910 possit
2352 1846 2586 1889 numos
2648 1825 2974 1899 tribuere,
3041 1842 3374 1890 auctorem

1885 1949 2086 1987 unum
2125 1926 2320 1988 habet
2355 1926 2798 2000 Trebellium,
2847 1948 2998 1989 nam
3035 1949 3231 2013 nemo
3267 1930 3380 1989 ali-

1885 2048 1961 2086 us
1996 2026 2136 2106 ejus
2180 2028 2512 2101 meminit,
2561 2028 2745 2107 cujus
2782 2040 2999 2088 tamen
3031 2029 3167 2109 ipsa
3200 2030 3378 2089 testi·

1886 2128 2102 2188 monia
2177 2128 2390 2204 nuruis
2453 2128 2555 2189 his
2633 2140 2857 2209 aperte
2931 2118 3377 2191 adversantur.

1885 2229 2055 2288 Eum
2116 2227 2217 2288 illi
2274 2227 2499 2289 dicunt
2543 2230 2943 2311 Augustum,
3001 2225 3378 2288 Trebellius

1887 2341 2132 2389 tantum
2179 2330 2549 2391 Caesarem.
2626 2327 2857 2390 Facies
2902 2325 3114 2386 virum
3162 2341 3377 2388 osten-

1886 2428 1980 2488 dit
2025 2448 2343 2490 annornm
2389 2430 2628 2502 XXX„
2702 2425 3080 2489 Trebellius
3139 2446 3379 2508 pueru-

1883 2528 2053 2604 lum,
2086 2549 2235 2591 cum
2271 2551 2499 2592 caesus
2530 2543 2734 2603 esset,
2769 2527 3076 2609 appellat.
3119 2526 3375 2587 Eodem

1881 2641 2050 2690 teste
2095 2630 2352 2691 occisus
2395 2645 2494 2691 est
2539 2629 2769 2693 eadem
2815 2627 3013 2701 hora,
3061 2646 3188 2708 qna
3221 2625 3377 2688 Cae·

1882 2752 1989 2791 sar
2034 2745 2475 2812 nuncupatus,
2538 2750 2700 2814 eigo
2746 2746 3020 2791 necesse
3061 2724 3220 2801 fuit,
3280 2725 3377 2787 in·

1881 2807 1981 2891 υἷα
2038 2830 2418 2892 tantundem
2476 2830 2793 2913 temporis
2852 2829 2975 2890 hos
3030 2825 3219 2888 feriri
3261 2845 3379 2887 nu·

1878 2950 2055 3006 mos,
2102 2931 2281 3014 quod
2324 2946 2543 2996 utrum
2587 2931 2732 2994 ullo
2777 2943 2969 3013 pacto
3010 2926 3376 2991 credibile?

1875 3032 2320 3099 Verisimilius
2355 3054 2552 3118 ergo,
2598 3032 2818 3096 nullos
2854 3029 3049 3114 hujus
3082 3049 3231 3093 esse
3258 3050 3375 3090 nn·

1879 3153 2057 3210 mos,
2120 3154 2517 3219 omnesque,
2578 3133 2691 3217 qui
2742 3132 3058 3193 hactenus
3103 3129 3205 3191 illi
3258 3128 3375 3191 tri·

1875 3232 2018 3296 buti
2068 3232 2291 3309 fuere,
2354 3230 2800 3296 restituendos
2843 3231 3050 3314 patri,
3097 3241 3164 3291 et
3207 3229 3263 3290 si
3306 3228 3373 3292 in

1877 3333 2201 3415 aliquibus
2252 3333 2470 3395 vultus
2519 3342 2788 3414 apparet
2823 3327 3214 3410 juvenilior,
3258 3330 3374 3391 tri·

1876 3432 2206 3494 buendum
2241 3430 2418 3494 istud
2448 3433 2666 3514 potius
2697 3427 3019 3491 artificum
3050 3427 3368 3505 inscitiae,

1876 3552 2068 3617 quam
2110 3552 2264 3594 sane
2302 3551 2518 3617 neque
2562 3549 2828 3603 aevum,
2870 3548 3087 3615 neque
3130 3528 3366 3607 Gallia,

1874 3634 1942 3696 in
1985 3654 2113 3719 qua
2156 3634 2297 3699 cusi
2339 3647 2522 3711 sunt,
2569 3627 2982 3695 diffitebitur.

1510 3935 2138 4000 VICTORINA.

398 4131 610 4215 Supra
624 4130 700 4203 ,in
714 4129 1060 4199 'Victorino
1089 4129 1348 4196 seniore
1373 4131 1454 4193 de
1474 4130 1597 4193 hac
1614 4129 1757 4213 ejus

276 4244 479 4295 matre
496 4234 834 4301 Victorina
858 4235 965 4296 vel
986 4235 1281 4302 Victoria
1304 4237 1481 4312 (nam
1511 4246 1759 4294 utrum-

283 4352 402 4419 que
475 4354 718 4397 nomen
784 4334 1006 4420 prodit
1066 4335 1475 4411 Trebellius,
1546 4348 1765 4418 poste·-

279 4434 408 4499 rius
464 4436 755 4518 Victor),
797 4439 1069 4524 ejusque
1144 4438 1317 4522 apud
1394 4436 1764 4500 exercitum

287 4659 303 4722 ι’
348 4653 415 4722 a)
456 4648 515 4708 in
555 4663 806 4726 utroque
842 4651 1169 4712 Victorino.

1874 4129 2081 4215 gratia
2133 4128 2409 4216 egimus.
2497 4127 2723 4192 Codex
2763 4126 3096 4193 Palatinus
3145 4148 3184 4193 e
3228 4147 3365 4190 me·

1872 4231 2150 4295 lioribns
2206 4250 2586 4294 nauseam
2639 4233 2998 4294 Vitruvium
3055 4230 3366 4315 appellnt.

1879 4334 2056 4398 Huic
2098 4350 2381 4418 sequens
2420 4352 2659 4396 numus
2703 4331 3046 4396 tribuitur:
