4652 5937
1279 510 1443 603 ,96

1315 693 1324 698 ’
1351 688 1707 761 Calenum,
1754 705 1946 769 quem
1979 705 2169 767 supra
2199 682 2263 744 in
2306 683 2396 745 M.
2425 682 2679 744 Aurelii
2711 704 2825 745 no·

1348 789 1631 851 minibus
1673 787 1967 861 laudavi,
2031 806 2434 869 nequaquam
2487 785 2664 847 Vero
2702 788 2827 846 An-

1347 890 1557 954 tonini
1589 909 1828 956 nomen
1867 887 2188 960 tribuere,
2235 887 2364 969 quo
2398 887 2546 947 loco
2581 886 2663 946 de
2684 905 2831 968 per-

1358 992 1619 1055 mutatis
1679 989 1758 1050 ab
1791 1004 2069 1070 utroque
2101 984 2644 1070 appellationibus
2675 986 2827 1069 agit.

1353 1092 1458 1154 Ad
1525 1092 1724 1167 haec,
1785 1092 1839 1150 si
1881 1110 2114 1151 revera
2163 1085 2594 1149 honorificum
2654 1087 2830 1147 istud

1352 1194 1664 1257 Antonini
1715 1211 1950 1253 nomen
1985 1191 2111 1250 sibi
2149 1190 2432 1250 delatum
2486 1187 2645 1262 ruit,
2708 1209 2829 1250 cur

1347 1296 1516 1359 illud
1544 1299 1724 1363 Vero
1750 1294 1814 1354 in
1857 1292 2040 1352 nullo
2076 1305 2183 1351 aut
2227 1310 2463 1362 num0,
2509 1303 2617 1350 aut
2661 1309 2829 1348 mara

1345 1415 1562 1473 more,
1607 1418 1736 1457 non
1771 1415 1921 1455 raro
1958 1411 2183 1452 omnes
2230 1390 2368 1471 ejus
2407 1389 2631 1451 titulos
2664 1389 2829 1450 libe-

1303 1509 1312 1518 '
1345 1501 1575 1564 raliter
1601 1498 1913 1578 jactante.
1960 1491 2291 1556 sociatur?
2355 1492 2618 1574 dempto
2653 1490 2826 1552 sorte

1343 1599 1707 1663 Amastriae
1758 1594 2240 1678 Paphlagoniae
2282 1612 2516 1665 numo,
2578 1592 2642 1651 in
2697 1612 2826 1675 quo

1347 1702 1442 1774 is,
1506 1700 1562 1760 si
1613 1695 1807 1758 modo
1849 1695 2000 1755 satis
2035 1690 2366 1753 fidendum
2403 1694 2653 1754 auctori
2690 1714 2828 1754 mu-

1348 1802 1448 1864 sci
1479 1798 1809 1880 Theupoli
1853 1807 1945 1871 ἰ,
1992 1794 2174 1875 cujus
2219 1814 2352 1853 non
2378 1815 2528 1854 raro
2565 1794 2827 1857 oracula

1347 1903 1620 1976 fallunt,
1682 1897 1920 1961 dicitur
1974 1881 2828 1956 OTHPOC.'ANT.QN1-

1352 2001 1556 2065 NOC.
1618 1999 1787 2060 addi
1811 2012 2032 2082 posset
2063 2015 2299 2057 numus
2336 1994 2650 2058 maximae
2693 1999 2827 2060 sor-

1343 2124 1489 2165 mae
1551 2101 1720 2184 apud
1763 2100 2270 2162 Buonarrotium
2313 2098 2379 2178 b)
2439 2103 2825 2183 inscriptus:

1347 2198 1502 2268 AT.
1553 2197 1934 2262 OTHPOC.
1985 2198 2637 2265 ANTstNetNoc.
2699 2201 2828 2267 Ve-

1343 2324 1492 2368 rum
1522 2324 1651 2364 non
1692 2301 1843 2364 satis
1880 2301 2123 2384 liquet,
2168 2303 2333 2365 sitne
2370 2318 2560 2386 caput
2589 2306 2828 2366 M.Au·

1346 2406 1536 2480 relii‚
1581 2425 1660 2466 an
1680 2401 1959 2467 L.Veri.
2004 2402 2381 2485 Cumigitur
2410 2415 2826 2465 monumenta

1347 2493 1648 2594 publica,
1708 2506 1937 2565 saltem
2002 2517 2216 2577 certa,
2264 2504 2389 2586 hoc
2438 2523 2676 2564 nomen
2724 2522 2830 2563 re-

1344 2609 1623 2684 ticeant,
1698 2603 2055 2670 verisimile
2109 2604 2368 2686 potius,
2425 2603 2594 2666 illud
2646 2607 2826 2669 Vero

1343 2732 1670 2796 nunquam
1719 2721 1894 2769 certa
1932 2704 2230 2789 quapiam
2282 2707 2434 2790 lege
2477 2705 2679 2767 fuisse
2717 2705 2829 2767 de-

1341 2811 1587 2886 latum,
1664 2811 1784 2872 etsi
1853 2827 1975 2895 per
2038 2807 2349 2871 Antonini
2409 2806 2822 2889 adoptionem

1344 2913 1450 2996 jus
1497 2912 1600 2975 illi
1634 2912 1701 2973 in
1749 2912 1875 2974 hoc
1924 2912 2082 2987 fuit,
2146 2923 2210 2971 et
2254 2908 2308 2971 si
2355 2905 2518 2968 illud
2558 2907 2731 2968 sorte
2756 2907 2824 2968 in

1345 3013 1648 3097 quopiam
1671 3027 2090 3074 monumento
2115 3012 2180 3071 in
2212 3009 2566 3093 provinciis
2586 3023 2823 3073 statuto

1346 3113 1765 3195 conjunctum
1826 3114 2120 3197 legatur,
2176 3109 2245 3171 id
2290 3131 2368 3175 ea
2412 3108 2664 3172 ratione
2695 3110 2828 3174 fac-

1342 3228 1479 3277 tum
1516 3213 1727 3277 videri
1758 3213 1994 3299 possit,
2056 3233 2180 3296 qua
2217 3211 2524 3274 Aurelius
2563 3230 2824 3294 quoque

1341 3313 1555 3377 adhuc
1603 3316 1844 3378 Caesar
1904 3314 1967 3374 in
2034 3314 2363 3375 nonnullis
2403 3313 2650 3385 numia,
2707 3312 2827 3375 sed

1345 3417 1682 3479 commatis
1720 3415 2093 3503 peregrini,
2139 3417 2519 3478 'Antoniana
2563 3413 2822 3490 dicitur,

1344 3514 1464 3578 aed
1520 3518 1698 3579 nulla
1747 3518 2008 3602 publica
2050 3517 2469 3590 auctoritate,
2524 3529 2597 3577 ut
2631 3535 2823 3598 supra

1341 3618 1412 3679 in
1455 3617 1665 3680 titulis
1712 3616 2082 3680 M.Aurelii
2126 3615 2432 3680 indicavi.
2520 3616 2826 3698 Capitoli-

1343 3739 1499 3794 nus,
1545 3732 1610 3780 et
1646 3717 2092 3801 Lampridius,
2138 3718 2249 3800 qui
2297 3716 2518 3778 datum
2562 3716 2662 3777 illi
2695 3718 2823 3782 hoc

1344 3838 1585 3881 nomen
1622 3816 2029 3881 confidenter
2055 3817 2363 3880 adserunt
2384 3863 2399 3894 ‚
2428 3815 2617 3883 'forte
2650 3821 2823 3884 istud

1348 3942 1430 3985 ex
1488 3920 1768 3983 aliorum
1824 3924 2143 3985 sententia
2206 3925 2587 4008 scripserint
2602 3945 2619 3995 3
2676 3945 2823 3985 nam

1344 4024 1584 4087 horum
1649 4024 1982 4107 posterior
2038 4040 2360 4088 memorat
2427 4046 2689 4111 quoque
2740 4028 2823 4105 ο).

1345 4133 1514 4191 uude
1544 4130 1741 4191 etiam
1768 4130 2030 4209 quidam
2063 4139 2128 4190 et
2151 4132 2454 4193 Severum
2473 4173 2489 4205 ,
2534 4139 2598 4191 et
2625 4131 2829 4189 Perti-

1347 4249 1567 4290 nacem
1585 4272 1603 4303 ,
1647 4237 1713 4290 et
1724 4230 2052 4291 Iulianum
2070 4234 2535 4293 Antoninorum
2556 4250 2828 4308 praeno·

1346 4332 1625 4390 minibus
1676 4332 2078 4393 honorandos
2108 4342 2362 4410 putant.
2420 4329 2669 4395 Verum
2707 4330 2826 4391 hos

1351 4431 1604 4492 nullum
1658 4429 1900 4494 adhuc..
1939 4431 2274 4516 cognitum
2336 4444 2826 4492 monumentum

1461 4645 1524 4714 a)
1561 4663 1693 4720 pag.
1723 4654 1847 4715 913.
2065 4642 2135 4717 b)
2189 4645 2427 4706 Osserv.
2464 4646 2624 4704 istor.
2663 4664 2721 4721 p.
2765 4650 2852 4706 80-

1357 4737 1412 4806 e)
1450 4733 1738 4809 Pag.25?.
1774 4747 1863 4794 ιι.
1900 4744 1961 4790 et
1990 4743 2119 4797 258.
2157 4746 2216 4799 3.

2237 503 2321 573 L.
2426 498 3037 574 AVRELIVS

3138 499 3546 575 VERVS.

2940 685 3304 747 Antoninos
3337 680 3744 768 pronunciat.
3822 676 3994 760 Ejus
4050 678 4227 742 etiam
4253 678 4367 738 Ela-

2943 783 3243 868 gabalum
3287 785 3353 847 in
3394 788 3874 848 Antoninorum
3924 781 4173 846 calculo
4217 761 4373 840 'ratio-

2945 906 3093 947 nem
3132 907 3259 948 non
3290 886 3627 963 habuisse,
3669 886 3737 947 in
3769 885 3971 968 hujus
4018 893 4259 946 moneta
4283 878 4372 940 sub

2943 987 3208 1051 nomine
3239 993 3555 1054 Antont'm'
3593 988 3991 1053 videbimus

3468 1195 3903 1289 Pontifex.

3066 1393 3488 1458 Pontificatus
3515 1395 3580 1454 in
3613 1395 3861 1460 Verum
3885 1389 4121 1455 collati
4153 1386 4263 1451 etsi
4283 1405 4383 1446 non

2940 1495 3358 1556 meminerint
3413 1497 3811 1579 scriptores,
3876 1490 4169 1555 dubitari
4210 1501 4384 1550 tamen

2941 1596 3125 1658 n‘ullo
3169 1610 3360 1680 pacto
3415 1611 3666 1681 potest,
3728 1595 3871 1677 ejus
3923 1592 4190 1676 generis
4226 1607 4385 1649 unum

2940 1697 3045 1760 vel
3086 1698 3307 1781 plures
3326 1698 3427 1759 illi
3452 1712 3607 1781 ‘post
3638 1696 4065 1779 adoptionem
4092 1693 4280 1754 fuisse
4304 1688 4387 1748 de·

2943 1812 3180 1862 cretos.
3226 1800 3314 1860 Et
3340 1819 3496 1861 vero
3532 1797 3853 1858 Gruterus
3884 1794 4176 1879 lapidem
4206 1791 4387 1871 vulga·

2940 1899 3071 1972 vit,
3135 1899 3200 1959 in
3250 1921 3379 1982 quo
3427 1899 3569 1959 aliis
3617 1899 3757 1979 ejus
3809 1891 4136 1959 encomiis
4174 1891 4405 1955 additur·

2938 2000 3166 2061 titulus
3195 2000 3631 2063 PONTIFIC.
3668 1998 3754 2080 d).
3799 1999 4004 2062 Numi
4024 1998 4197 2058 hunc
4222 1994 4388 2065 hono·

2938 2120 3082 2162 rem
3126 2115 3447 2184 perpetuo
3497 2104 3795 2164 reticent.
3838 2105 3962 2166 ‚At
4027 2098 4201 2160 enim
4247 2089 4388 2153 istud

2940 2203 3210 2276 mirum,
3273 2204 3347 2263 1..
3375 2205 3621 2269 Verum
3653 2204 3719 2263 in
3760 2201 3930 2262 binis
3961 2195 4227 2261 Gruter-i
4256 2213 4387 2255 mar·

2938 2303 3230 2364 moribus
3269 2302 3396 2365 dici
3401 2308 3760 2385 pontificem
3775 2310 4136 2367 maximum
4162 2302 4386 2381 ⁶),.cum

2893 2417 3197 2490 'constet
3233 2417 3482 2480 tamen,
3528 2406 3582 2466 si
3640 2408 3898 2489 quaudo
3949 2407 4088 2468 duo
4148 2394 4384 2482 Augusti

2941 2503 3287 2586 imperium
3358 2527 3485 2566 nna
3540 2515 3927 2584 tenuerunt,
3989 2508 4226 2570 horum
4278 2514 4386 2560 tan·

2943 2618 3078 2668 tum
3112 2627 3308 2666 unum
3332 2651 3348 2680 ‚
3395 2621 3588 2696 atque
3630 2607 3801 2670 hunc
3835 2609 4171 2669 seniorem
4209 2600 4385 2687 ponti·

2938 2703 3167 2767 ficatus
3215 2707 3478 2767 maximi
3543 2723 3815 2770 munere
3862 2708 4203 2779 functum,
4260 2703 4385 2764 dum

2939 2806 3249 2868 Balbinus
3316 2821 3381 2868 et
3430 2809 3761 2892 Pupienus
3817 2830 4075 2872 morem
4125 2821 4385 2870 veterem

2937 2906 3291 2991 infregere.
3339 2910 3557 3005 Quare
3596 2931 3991 2973 marmorum
4030 2911 4261 2974 horum
4278 2902 4390 2989 epi·

2940 3024 3294 3093 grammata
3344 3026 3451 3072 aut
3484 3014 3652 3076 male
3698 3026 3845 3074 sunt
3898 3012 4259 3096 descripta,
4296 3016 4386 3067 ant

2937 3111 3004 3171 in
3039 3112 3394 3194 provinciis
3443 3134 3477 3174 a
3507 3112 3776 3177 rudibus
3820 3118 4105 3202 ingeniis
4158 3115 4382 3178 dictata·

2938 3211 3005 3271 in
3035 3232 3159 3294 qua
3194 3213 3510 3274 sententia
3540 3218 3877 3299 comperio
3917 3237 4182 3305 quoque
4213 3211 4385 3275 fuisse

2937 3312 3357 3389 Bimardum,
3444 3315 3555 3399 qui
3620 3316 3951 3382 intrusum
4019 3321 4199 3382 hunc
4253 3307 4385 3380 Veri

2937 3413 3381 3497 pontificatum
3432 3417 3783 3481 maximum
3832 3421 4104 3505 copiose
4151 3433 4217 3483 et
4268 3432 4385 3475 ΘΝ·

2940 3515 3075 3578 dite
3118 3515 3454 3601 impugnat
3497 3513 3571 3599 s).

3332 3742 3589 3802 Pater
3637 3747 4016 3820 patriae.

3066 3921 3140 3981 In
3176 3921 3388 3983 numis
3420 3926 3509 3984 M.
3538 3926 3792 3988 Aurelii
3818 3928 3900 3990 ad
3934 3930 4210 3994 eundem
4240 3929 4384 3988 hunc

2938 4020 3199 4085 titulum
3222 4022 3494 4105 probavi
3517 4068 3535 4101 ,
3580 4027 3924 4091 Aurelium
3949 4052 4120 4095 anno
4156 4032 4386 4095 demum

2940 4123 3024 4188 V.
3063 4126 3136 4187 C.
3187 4125 3348 4208 930,
3403 4125 3485 4188 ad
3520 4148 3841 4192 summum
3906 4147 4187 4200 exeunte
4238 4147 4381 4196 anno

2941 4241 3063 4308 929
3139 4228 3340 4309 patris
3411 4230 3659 4312 patriae
3740 4252 3982 4297 nomen
4048 4233 4382 4321 adoptasse·

2944 4327 3162 4421 Quare
3193 4341 3331 4389 toto
3361 4328 3480 4391 illo
3513 4343 3847 4416 tempore,
3899 4354 4030 4419 quo
4061 4336 4139 4396 1..
4166 4337 4382 4406 Verum

2943 4429 3282 4513 conlegam
3346 4430 3605 4509 habuit,
3676 4433 3796 4496 illo
3860 4435 4100 4512 caruit,
4180 4432 4386 4502 caruit·

3070 4648 3129 4716 c)
3169 4645 3231 4702 in
3261 4644 3530 4707 Diadum.
3567 4667 3615 4704 c.
3648 4650 3701 4710 6.

2434 4735 2487 4809 0
2524 4734 2782 4795 n.1..'r.
2816 4735 2945 4793 xu.
3006 4740 3174 4794 nem.
3217 4755 3275 4812 p.
3310 4744 3435 4801 40⁸.

3922 4649 3991 4723 d)
4036 4650 4169 4729 Peg.
4202 4659 4312 4715 253·
4346 4655 4387 4703 ²·
4467 4703 4482 4714 .
