4652 5937
1281 487 1429 571 ma
2379 466 3210 547 ‘CARACALLA

1288 667 1675 736 cedentibus
1719 664 1822 727 his
1860 680 2008 725 mox
2065 657 2279 743 sopito
2314 656 2806 721 Alexandriam

2892 655 3098 718 tentia
3126 675 3354 719 eorum
3378 698 3396 730 ‚
3455 655 3569 739 qui
3619 667 3941 730 statuunt,
4003 652 4141 719 hoc
4169 654 4361 724 adhue

1284 772 1627 858 profectus
1674 781 1808 841 est,
1854 782 2128 848 eamque
2159 759 2442 824 intravit.
2518 758 2788 841 Pet-spi·
2891 770 3192 840 tempore
3225 757 3308 819 ab
3325 755 3634 840 Augustis
3665 756 3816 817 trib.
3850 770 4245 839 potestatem
4271 761 4363 823 die

1295 895 1493 939 cuum
1531 886 1664 947 est,
1708 881 1983 954 propter
2021 862 2390 947 regionum,
2430 881 2604 946 quae
2631 881 2782 944 per·

1287 973 1617 1060 agrandae
1651 971 1862 1047 fuere,
1906 966 2197 1049 ingentia
2227 963 2594 1038 intervalla,
2637 974 2780 1025 tunt

1284 1076 1452 1140 helli
1511 1073 1805 1137 Parthici
1871 1069 2236 1141 molimina,
2310 1080 2382 1128 et
2437 1063 2776 1148 pactiones

1280 1176 1717 1252 Parthorum,
1763 1191 1950 1258 quae,
1995 1183 2068 1232 ut
2098 1167 2208 1244 fit,
2254 1164 2775 1230 commeantibus

1282 1277 1439 1341 hinc
1486 1292 1551 1340 et
1585 1276 1780 1339 inde
1796 1272 2068 1358 legatis,
2128 1267 2452 1353 temporis
2497 1286 2630 1328 non
2669 1287 2778 1349 pa-

1283 1399 1429 1441 rum
1481 1379 1860 1452 absumunt,
1909 1371 2304 1437 caracallam
2361 1369 2592 1433 adesse
2627 1368 2783 1431 Ale-

1281 1478 1629 1555 xandriae,
1691 1478 1818 1540 nisi
1855 1488 2173 1560 vergente
2215 1469 2293 1534 ad
2343 1470 2541 1534 finem
2582 1490 2773 1545 anno,

1278 1599 1417 1641 nou
1466 1580 1781 1663 potuisse.
1872 1579 1955 1638 At
2007 1574 2438 1636 Tillemontio
2504 1588 2774 1635 auctore

1280 1680 1411 1741 hoe
1443 1680 1656 1741 adhuc
1692 1696 1860 1739 anno
1908 1696 2025 1738 suo
2050 1676 2135 1744 V.
2174 1678 2247 1738 C.
2281 1670 2404 1756 obt)
2441 1674 2772 1737 Caracalla

1280 1778 1697 1842 Antiochiam
1746 1778 2140 1852 revertitur,
2197 1789 2336 1838 tu‘m
2385 1775 2639 1859 legatos
2689 1773 2772 1835 ad

1276 1880 1679 1942 Artabanum
1728 1879 2034 1941 Parthiae
2079 1898 2310 1962 regem
2360 1876 2594 1952 mittit,
2658 1874 2770 1960 qui

1276 1979 1477 2042 filiam
1511 1980 1651 2063 ejus
1681 1982 1804 2042 sibi
1844 1981 1908 2041 in
1932 1979 2415 2043 matrimonium
2443 1989 2768 2061 peterent.

1280 2081 1432 2177 Quo
1471 2084 1912 2145 conditionem
1935 2083 2343 2148 detrectante
2371 2077 2770 2141 Parthorum

1275 2180 1442 2244 fines
1483 2183 1857 2266 ingressus,
1905 2184 2109 2268 captis
2156 2181 2457 2255 Arbelis,
2514 2193 2581 2242 et
2628 2182 2778 2249 Me·

1276 2276 1382 2345 dia
1431 2285 1561 2346 late
1619 2298 1869 2347 vastata
1914 2286 2276 2349 exercitum
2328 2281 2644 2345 Edessam
2697 2279 2767 2340 in

1274 2383 1548 2446 hiberna
1586 2384 1870 2447 reduxit.
1934 2388 2151 2471 Atque
2171 2384 2336 2448 haec
2363 2383 2578 2447 omnia
2614 2380 2768 2442 inde

1275 2502 1313 2546 a
1365 2486 1475 2548 die
1508 2484 1633 2552 lV.
1687 2486 1932 2587 Aprilis
1992 2506 2199 2572 usque
2253 2485 2335 2548 ad
2392 2484 2766 2570 proximum

1274 2585 1704 2671 hibernorum
1770 2601 2027 2672 tempus
2078 2587 2375 2673 perfecta
2431 2583 2768 2651 constituit

1210 2744 1233 2750 ,
1275 2666 1762 2751 Tillementius.
1831 2690 1931 2751 An
1987 2684 2109 2752 hae
2170 2704 2388 2753 tantae
2433 2710 2543 2752 res
2595 2686 2765 2747 intra

1270 2786 1386 2849 has
1444 2790 1772 2873 angustias
1821 2790 1983 2872 cogi,
2018 2805 2291 2872 possunt
2337 2791 2530 2853 etiam
2585 2789 2766 2850 ‘duce

1272 2882 1354 2949 ud
1379 2907 1489 2949 res
1528 2888 1811 2972 agendas
1859 2891 2329 2967 attentissimo,
2373 2891 2615 2952 nedum
2649 2890 2768 2951 Ca-

1271 2987 1553 3062 raetlla,
1619 2989 1732 3071 qui
1784 2989 2057 3052 multum
2112 2990 2428 3074 temporis
2475 2990 2768 3074 volupta-

1275 3085 1491 3163 tibus,
1573 3108 1648 3151 ac
1698 3089 1973 3151 ludicris
2021 3089 2390 3173 impendit?
2459 3092 2544 3155 At
2590 3093 2763 3155 enim

1274 3200 1540 3250 coactus
1586 3203 1726 3250 erat
1780 3189 1882 3253 vir
1930 3193 2239 3276 egregius
2286 3206 2384 3255 tot
2433 3215 2508 3256 ac
2553 3205 2767 3256 tantas

1272 3305 1383 3348 res
1425 3289 1666 3372 exiguo
1702 3291 1910 3374 spatio
1954 3293 2539 3370 circumscribere,
2585 3292 2765 3379 quod

1277 3389 1501 3452 laxare
1555 3409 1781 3454 caesus
1831 3408 2147 3478 sequente
2210 3417 2380 3459 anno
2428 3395 2764 3460 Caracalla

1268 3510 1402 3552 non
1442 3492 1614 3555 sivit.
1676 3492 1898 3588 Quare
1944 3516 2092 3560 cum
2141 3510 2308 3561 teste
2350 3511 2631 3582 utroque
2679 3494 2764 3559 ad

1271 3611 1507 3655 uinum
1572 3610 1988 3677 praesentem
2046 3598 2241 3661 citato
2310 3618 2515 3661 numo
2575 3611 2766 3661 certe

1270 3708 1565 3769 constet,
1625 3694 1754 3758 hoc
1805 3695 2397 3777 labente'factum,
2467 3685 2767 3762 ut'Cara·

1270 3796 1439 3857 calla
1489 3809 1555 3858 et
1587 3797 1893 3879 Pergami
1945 3809 2159 3876 esset,
2201 3813 2270 3862 et
2302 3800 2759 3879 Alexandriae,

1273 3895 1416 3978 ejus
1439 3914 1549 3957 res
1589 3913 1812 3982 gestae
1853 3898 1949 3962 sie
1984 3914 2133 3961 sunt
2163 3889 2642 3984 disponendae,
2684 3916 2766 3966 ut

1270 4009 1626 4072 statuatur,
1698 4012 2007 4063 autumno
2048 4000 2196 4065 fere
2259 4020 2541 4068 exeunte
2598 4003 2764 4068 invi·

1272 4096 1436 4159 sisse
1497 4098 1998 4179 Alexandriam,
2079 4116 2147 4165 et
2207 4124 2374 4189 quae
2448 4105 2762 4194 deinceps

1275 4212 1458 4282 gesta
1510 4216 1694 4274 sunt,
1762 4203 1829 4265 in
1865 4226 2098 4267 annum
2129 4220 2514 4291 sequentem
2563 4207 2764 4273 facile

1277 4298 1359 4360 ad
1420 4319 1498 4361 ea
1544 4302 1973 4366 suffecturum
2022 4304 2452 4385 trajiciantur.
2510 4307 2766 4375 Invicto

1275 4399 1473 4461 etism
1528 4401 1610 4463 ab
1648 4416 1937 4487 utroque
1979 4426 2178 4472 numo
2228 4409 2566 4475 refellitur
2615 4433 2764 4476 sen-

2890 859 3092 920 natali
3123 860 3384 942 imperii
3414 857 3637 919 iterari
3653 858 3934 921 solitam.
3971 859 4242 943 Figitur
4271 861 4366 924 hic

2891 957 2972 1021 ab
3004 959 3152 1022 aliis
3183 975 3332 1023 ante
3341 952 3696 1022 Kalendas
3725 961 3982 1055 Apriles
4017 964 4109 1027 V.
4135 964 4211 1026 C.
4239 966 4370 1042 (151,

2886 1059 2970 1123 ab
3002 1060 3149 1123 aliis
3178 1062 3392 1127 statim
3424 1068 3571 1145 pos‘t
3595 1061 3924 1123 Kalendas
3955 1062 4182 1125 Iunias
4218 1064 4371 1148 ejus‘

2888 1162 3038 1225 dem
3064 1162 3234 1225 anni.
3276 1166 3460 1247 Ergo
3489 1182 3658 1225 auno
3688 1164 3766 1226 V.
3790 1165 3868 1226 C.
3899 1165 4030 1246 9179
4064 1167 4144 1227 P.
4162 1162 4367 1228 Σαώ

2879 1286 3095 1349 usque
3135 1264 3215 1326 ad
3246 1266 3561 1350 Aprilem,
3595 1265 3954 1327 secundum
3973 1266 4149 1329 alios
4181 1286 4368 1352 usque

2888 1365 2972 1428 ad
3045 1366 3297 1428 lunium
3366 1366 3670 1428 currebat
3727 1368 4106 1430 tribunatus
4150 1369 4366 1434 xvm.

2892 1466 3204 1553 deinceps
3233 1466 3407 1529 XIX.
3450 1468 3646 1529 Prior
3675 1466 3759 1529 de
3789 1469 4009 1552 Aprili
4058 1469 4374 1531 sententia

2886 1568 3016 1654 jam
3064 1570 3240 1632 ultro
3279 1569 3559 1632 corruit:
3604 1591 3753 1632 nam
3789 1592 4025 1632 numus
4077 1589 4234 1632 eum
4283 1569 4374 1631 in-

2887 1689 3096 1738 trasse
3126 1671 3584 1734 Alexandriam
3619 1675 4010 1735 testatur’iu
4043 1671 4372 1735 tribunatu

2885 1776 3121 1841 xvul.
3143 1817 3160 1847 ‚
3221 1775 3332 1858 qui
3369 1773 3497 1857 jam
3534 1772 3772 1851 exivit,
3828 1793 3982 1837 cum
4014 1773 4238 1837 adhuc
4270 1770 4374 1835 Ri-

2886 1875 3222 1939 comediae
3273 1875 3599 1938 haereret.
3665 1877 3738 1937 Si
3795 1896 3948 1938 eum
3996 1870 4267 1937 iteravit
4306 1871 4368 1934 in

2831 2048 2836 2053 ι
2869 1977 3070 2040 'Iunio
3093 2023 3110 2054 ,
3172 1997 3444 2040 necesse
3480 1990 3619 2051 est,
3683 1976 3835 2039 inde
3870 2000 3908 2040 a
3959 1976 4073 2040 die
4109 1978 4222 2041 IV.
4255 1976 4372 2056 Ap·

2883 2079 3028 2141 rilis
3075 2100 3282 2164 usque
3332 2078 3415 2141 ad
3453 2078 3708 2140 initium
3758 2077 3924 2139 Iunii
3965 2076 4364 2143 Caracalla-

2882 2203 2918 2243 a
2966 2181 3349 2245 Nicomedia
3390 2181 3756 2270 pervasisse
3815 2199 4086 2244 omnem
4135 2177 4369 2250 Antan,

2885 2280 3136 2365 Syriam
3161 2326 3178 2356 ‚
3244 2282 3506 2346 venisse
3544 2281 3610 2343 in
3654 2283 4024 2367 Aegyptum
4048 2326 4067 2358 ,
4117 2280 4368 2342 nuncia·

2880 2397 3022 2448 tum
3042 2383 3220 2446 istud
3236 2388 3532 2455 Romam,
3568 2405 3604 2445 a
3637 2383 4018 2446 monetariis
4039 2380 4374 2447 confectas

2881 2485 3185 2549 matrices
3237 2484 3378 2567 ejus
3418 2483 3769 2549 adventum
3802 2484 4252 2547 Alexandriae
4280 2494 4368 2543 te·

2882 2602 3161 2661 stantes,
3244 2584 3552 2646 nimirum
3605 2602 3950 2672 antequam
4006 2586 4368 2669 exspiraret

2879 2689 3244 2753 tribunatus
3271 2687 3506 2761 XVIII.
3541 2703 3610 2753 et
3640 2688 3967 2774 inciperet
3993 2687 4182 2752 XIX.

3223 2895 3296 2955 V.
3345 2895 3406 2955 C.
3450 2900 3595 2958 969.
3642 2893 3713 2953 Ρ.
3759 2895 3841 2954 Χ
3888 2897 4035 2956 216.

2887 2996 3012 3057 TB.
3070 2996 3141 3056 P.
3204 2998 3387 3058 XIX.
3450 2998 3625 3057 COS.
3684 2997 3800 3056 IV.
3874 2989 3970 3053 P(
4008 2995 4102 3055 M.
4170 2996 4241 3056 P.
4301 2992 4363 3052 Ρ.

2875 3161 2882 3168 .
3174 3097 3397 3159 PIVS.
3449 3095 3711 3159 GERM-
3759 3097 3938 3157 ΙΜΡ.
3980 3095 4111 3155 111.

2883 3195 2946 3257 C.
2978 3196 3414 3278 AliolSabu'no
3451 3200 3545 3259 11.
3587 3198 3878 3259 Cornelio
3905 3200 4200 3262 Anuh‘uo
4234 3216 4354 3259 cos.

2979 3394 3334 3476 ,caracalla
3360 3416 3441 3461 ex
3468 3398 3767 3482 Aegypto
3805 3397 4224 3462 Antiochiam
4266 3415 4364 3460 re·

2875 3515 3107 3561 versus
3134 3500 3462 3563 Artabani*
3494 3499 3888 3562 Parthorum
3933 3501 4117 3583 regis
4149 3499 4372 3563 filiam

2875 3597 2943 3660 in
2983 3601 3464 3663 matrimonium
3511 3600 3697 3686 petit.
3769 3605 3924 3696 Quo
3953 3616 4204 3684 negato
4235 3603 4360 3664 Eu·

2872 3699 3174 3783 phratem
3234 3714 3682 3787 transgressus
3742 3702 4029 3765 Mediam
4093 3701 4356 3777 invadit,

2873 3801 3119 3864 Arbela
3166 3803 3379 3887 capit,
3440 3804 3708 3867 caedem
3740 3805 3986 3890 ubique
4031 3817 4101 3868 et
4146 3807 4361 3870 incen-

2876 3899 2981 3965 dia
3026 3903 3442 3978 circumfert,
3501 3919 3654 3989 post
3701 3906 3869 3970 haec
3919 3905 4240 3971 Edessam
4292 3907 4358 3970 iu

2872 4003 3148 4067 hiberna
3188 4004 3384 4069 redit.
3441 4007 3814 4092 Abagarum
3863 4008 4358 4073 Osrhoeuorum

2872 4125 3106 4191 regem
3139 4104 3432 4171 fraude
3408 4130 3476 4170 m
3522 4111 3928 4196 colloquium
3958 4124 4353 4195 pertractum

2874 4208 2943 4270 in
2970 4209 3230 4274 vincula
3262 4210 3567 4291 conjicit,
3628 4212 3900 4298 ejusque
3930 4232 4215 4299 reguum
4254 4228 4354 4274 oc·

2875 4323 3105 4474 cdupat,
3133 4308 3344 4496 >quod
3387 4309 3633 4379 factum
3671 4314 3854 4381 forte
3883 4335 4052 4383 auno
4094 4333 4357 4404 paece-

2923 4424 3074 4476 ente
3103 4426 3136 4457 ⁸

1275 4591 4342 4644 -——-———————-——————------„--

1355 4725 1416 4798 a)
1458 4723 1603 4797 Dio,
1641 4725 2044 4800 Herodianus,
2084 4732 2380 4809 Spartiau.
