4652 5937
1139 414 1281 503 134

1147 584 1399 644 Severo
1422 619 1440 652 ,
1507 579 1649 654 ejus
1701 572 2050 634 abolendas
2103 577 2353 631 statuas
2371 613 2388 644 ,
2469 586 2636 650 quae

1141 685 1425 764 undique
1471 681 1647 762 sunt,
1701 692 2048 754 nomenque
2070 690 2153 731 ex
2182 674 2358 732 omni
2360 672 2474 730 bus
2501 670 2638 748 pri·

1143 787 1314 845 vatis
1335 830 1349 855 ‚
1417 780 1818 859 publicisque
1893 774 2314 834 monumentis
2379 773 2641 832 eraden-

1145 888 1297 945 dum
1327 882 1423 962 ⁸),
1487 877 1804 941 saevitum
1843 886 1942 934 est
1977 871 2172 933 etiam
2206 869 2272 930 in
2311 882 2641 932 monetam

1147 981 1291 1063 ejus
1339 999 1646 1051 auream,
1703 973 1978 1059 perinde
2029 992 2136 1041 ac.
2165 971 2319 1032 olim
2376 983 2638 1033 senatus

1146 1078 1420 1145 conflari
1440 1099 1681 1141 aeneos
1697 1075 2033 1157 Caligulae
2061 1092 2292 1133 numos
2321 1070 2514 1153 jussit
2541 1065 2633 1149 b),

1148 1197 1342 1268 atque
1407 1200 1667 1242 omnem
1746 1174 1968 1238 fratris
2029 1173 2235 1236 Getae
2310 1183 2639 1231 monetam

1071 1320 1076 1324 ·
1151 1280 1532 1346 Caracalla?
1586 1283 1733 1342 Non
1782 1296 2011 1361 parum
2055 1274 2250 1346 haec,
2297 1291 2463 1356 quae
2508 1289 2644 1332 me·

1148 1381 1438 1457 moravi,
1514 1382 1739 1443 valere
1783 1377 1863 1441 ad
1911 1387 2328 1460 praesentem
2379 1393 2641 1437 causam

1149 1494 1456 1566 possent,
1503 1481 1621 1542 sed
1652 1494 1867 1542 tamen
1906 1477 2046 1557 ejus
2071 1477 2135 1536 in
2174 1495 2334 1538 auro
2381 1472 2640 1557 inopiae

1146 1582 1317 1645 ratio
1356 1582 1548 1644 altius
1579 1577 1883 1664 petenda.
1926 1575 2190 1637 Etenim
2223 1573 2458 1648 video,
2504 1592 2645 1644 mo·

1155 1695 1376 1745 netam
1423 1699 1726 1752 auream,
1788 1695 1955 1760 quae
1992 1674 2221 1759 primis
2260 1672 2642 1756 imperantis

1149 1780 1407 1844 Aurelii
1459 1779 1641 1841 annis
1685 1777 1876 1866 obuia
1923 1788 2059 1850 est,
2113 1794 2236 1858 per
2279 1793 2483 1836 annos
2544 1790 2644 1833 se·

1152 1895 1431 1966 quentes
1475 1881 1564 1941 ita
1612 1867 1854 1942 sensim
1887 1873 2214 1948 deficere,
2275 1887 2347 1936 ut
2372 1892 2643 1936 aureum

1152 1978 1296 2064 ejus
1345 2000 1614 2041 numum
1666 1979 1773 2043 vix
1825 1975 2123 2060 reperire
2175 1975 2257 2037 sit
2286 1973 2643 2059 postremis

1150 2081 1365 2156 annis,
1432 2078 1669 2162 quibus
1743 2077 2094 2162 imperium
2149 2076 2381 2139 tenuit.
2466 2074 2645 2169 Quid

1150 2180 1331 2266 quod
1388 2179 1613 2267 uxpris
1655 2179 2003 2241 Faustinae
2052 2191 2470 2240 consecratae
2525 2197 2645 2237 nu·

1148 2303 1328 2343 mum
1352 2325 1370 2356 ,
1433 2279 1556 2342 etsi
1605 2279 1675 2341 id
1719 2275 1928 2363 'genus
1985 2280 2052 2339 in
2087 2291 2360 2361 argento
2392 2291 2459 2338 et
2486 2294 2640 2338 aere
2678 2362 2691 2372 .

1152 2380 1416 2444 obvium
1479 2393 1611 2454 est,
1685 2399 1770 2440 ne
1814 2399 2014 2440 unum
2061 2377 2322 2461 quidem
2369 2398 2639 2439 aureum

1148 2481 1218 2540 in
1248 2479 1794 2561 opulentissimis,
1842 2491 1911 2540 et
1948 2479 2231 2561 optimae
2247 2491 2442 2540 notae
2475 2491 2645 2540 cata-

1149 2579 1322 2661 logis
1346 2623 1363 2654 ,
1407 2593 1476 2641 et
1499 2598 1583 2640 ne
1620 2577 1887 2662 quidem
1911 2578 1978 2640 in
2021 2579 2358 2642 uberrimo
2391 2577 2641 2640 Medio·

1147 2675 1372 2744 harbo'
1413 2679 1708 2761 reperire
1751 2679 1946 2753 licet,
2006 2679 2265 2742 tametsi
2298 2698 2642 2743 consecra·

1149 2792 1255 2841 tae
1296 2779 1521 2840 matris
1541 2777 1887 2840 Faustinae
1917 2778 2196 2842 senioris
2228 2781 2413 2841 aurei
2444 2777 2642 2841 abun-

1148 2879 1328 2941 dent.
1407 2879 1716 2940 Aurelius
1778 2878 1971 2939 uxori
2032 2899 2188 2940 suae
2249 2876 2396 2942 fere
2458 2878 2643 2963 quin·

1150 2979 1440 3063 quennio
1485 2991 1816 3060 superstes
1843 2978 1988 3041 fuit.
2050 2978 2122 3040 Si
2165 2998 2330 3063 ergo
2363 2992 2501 3040 tum
2534 2957 2645 3041 ad·

1113 3082 1284 3161 ¹huc
1347 3099 1430 3141 ex
1482 3080 1635 3160 lege
1679 3076 2008 3140 ordinaria
2073 3079 2309 3163 signati
2365 3078 2645 3142 fuissent

1149 3179 1355 3253 aurei,
1391 3200 1468 3241 an
1490 3176 1832 3255 credibile,
1866 3191 2174 3261 negatum
2191 3180 2396 3242 fuisse
2412 3201 2643 3242 aurum

1150 3272 1382 3355 uxori,
1443 3278 1512 3339 in
1558 3300 1751 3362 quam
1803 3293 2126 3342 mortuam
2157 3280 2447 3342 honores
2478 3280 2643 3341 alios

1152 3401 1418 3456 omnes,
1511 3400 1674 3465 quos
1746 3378 2063 3441 maximos
2139 3380 2355 3442 animo
2428 3379 2644 3464 potuit

1151 3482 1546 3564 concipere,
1620 3481 1987 3565 congessit?
2076 3482 2260 3564 Ergo
2333 3481 2640 3564 quoniam

1153 3600 1387 3643 causae
1423 3580 1726 3664 pensitati
1754 3579 2047 3643 barbaris
2069 3581 2234 3657 auri,
2279 3598 2397 3640 seu
2425 3579 2640 3657 luxus,

1154 3700 1272 3742 seu
1313 3680 1448 3742 odii
1485 3695 1784 3758 senatus,
1829 3680 2092 3766 quaein
2127 3679 2489 3743 Commodo
2532 3702 2641 3743 va·

1151 3781 1296 3843 lere
1310 3793 1598 3864 possent,
1633 3781 1906 3842 Aurelio
1937 3781 2250 3865 applicari
2283 3795 2639 3864 nequeunt.

1151 3880 1319 3943 aliae
1338 3895 1522 3969 certe,
1557 3876 1818 3965 utrique
1851 3902 2233 3945 communes
2273 3879 2503 3961 forent·
2529 3882 2642 3947 ad·

1151 3981 1519 4058 vocandae,
1565 3981 1683 4046 sed
1713 3982 1948 4068 quibus
1980 3982 2291 4046 rimandis
2325 3981 2645 4061 abstineo,

1153 4079 1499 4162 quonism,
1547 4083 1864 4167 quidquid
1897 4086 2214 4161 attulero,
2251 4084 2448 4159 intra
2489 4106 2646 4150 con-

1148 4178 1438 4259 jecturas
1486 4202 1749 4269 semper
1792 4184 2006 4250 stabit.
2081 4187 2393 4249 Ceterum
2448 4209 2646 4271 quan·

1150 4280 1392 4344 tumvis
1442 4282 1577 4343 rari
1611 4298 1794 4360 sunt,
1838 4298 1911 4347 ut
1939 4285 2124 4364 dixi,
2189 4286 2535 4351 Commodi
2567 4289 2636 4352 in

2724 2733 2731 2740 ,
2753 2680 3060 2740 Hercules
3107 2683 3427 2743 Romanus
3443 2725 3458 2755 ,

2307 379 3017 460 COMMODVS.

2750 584 2913 633 auro
2946 562 3162 639 numi,
3210 558 3303 623 sic
3344 572 3413 622 ut
3453 556 3811 620 illustriora
3868 552 4107 618 etiam
4149 572 4290 613 mu·

2754 685 2901 741 sea,
2959 685 3108 729 cum
3149 683 3376 726 eorum
3417 660 3741 722 senarium
3783 657 4080 740 jactare
4139 673 4291 736 pos-

2756 780 2939 842 sunt,
2986 745 3151 828 satis
3176 763 3386 827 videri
3412 761 3753 823 nobilitata
3800 769 4130 846 queant,
4203 768 4297 816 ta·

2759 887 2909 932 men
2961 866 3176 928 solum
3230 862 3407 946 regis
3445 863 3805 924 Galliarum
3857 858 4298 921 thesaurum

2752 965 3119 1036 recondere
3174 976 3324 1027 octo
3371 977 3447 1024 et
3498 961 3766 1046 triginta
3808 958 4046 1024 variis
4094 958 4297 1042 typis,

2755 1082 2820 1130 et
2852 1066 3016 1129 duos
3046 1079 3389 1150 praeterea
3421 1062 3686 1127 maximi
3718 1061 4043 1136 moduli,
4096 1073 4300 1120 testa-

2753 1181 2862 1229 tur
2893 1168 2977 1229 cl.
3018 1165 3341 1228 Beauvais
3387 1165 3473 1245 c).
3524 1166 3739 1228 Vnum
3777 1163 4000 1245 hujus
4023 1160 4298 1226 moduli

2757 1267 3046 1352 vulgavit
3077 1267 3272 1329 etiam
3305 1264 3713 1332 Vaillantius.

3185 1489 3468 1552 Nomina
3511 1505 3592 1550 ac
3632 1488 3828 1550 tituli.

2885 1671 3071 1766 Quae
3120 1667 3519 1732 Commodus
3564 1670 3825 1733 nomina
3887 1691 3976 1733 ac
4042 1665 4292 1730 titulos

2755 1794 2878 1857 per
2923 1771 3266 1835 intervalla
3337 1772 3720 1857 collegerit,
3795 1771 3878 1833 ab
3927 1771 4103 1854 ipso
4160 1787 4290 1831 nos

2759 1875 3119 1938 Commodo
3153 1871 3421 1937 edoceri
3447 1874 3787 1957 patiamur.
3830 1875 4010 1934 Nam
4056 1869 4290 1932 refert

2753 1976 2885 2039 Dio
2914 1959 3317 2060 epigraphen
3355 1974 3714 2049 literarum,
3760 1996 3919 2059 quas
3942 1987 4282 2036 extremo

2755 2075 2929 2139 vitae
2984 2090 3283 2158 tempore
3329 2076 3411 2139 ad
3449 2089 3742 2139 senatum
3792 2074 3980 2138 dedit
4037 2073 4159 2135 his
4200 2071 4282 2134 ti·

2708 2189 2711 2198 '
2756 2176 2912 2238 tulis
2945 2189 3319 2261 turgentem
3352 2174 3453 2257 d),

2880 2278 3232 2356 Imperator
3271 2283 3503 2341 Caesar
3530 2281 3768 2341 Lucius
3796 2281 4039 2342 Aelius
4054 2281 4279 2341 Aure-

2756 2380 2884 2439 lius
2909 2383 3294 2454 Commodus,
3339 2383 3669 2460 Augustus
3701 2383 3858 2442 Pius
3883 2382 4089 2442 Feli-v
4106 2383 4273 2442 Sar-

2754 2482 3062 2553 maticus,
3111 2482 3528 2541 Germanicus
3563 2484 3923 2556 Maximus,
3989 2484 4274 2542 Britan-

2753 2581 2936 2638 nicus
2959 2621 2977 2652 ,
3041 2582 3317 2644 Pacator
3351 2583 3521 2660 osbis
3548 2591 3858 2643 terrarum
3873 2625 3890 2657 ,
3937 2584 4265 2653 Invictus,

3539 2684 3844 2762 Pontifex
3896 2686 4257 2752 mximas,

2756 2782 3139 2840 tribuniciae
3174 2785 3513 2859 potestatis
3548 2784 3815 2843 'XVIIL
3890 2787 4264 2859 Imperator

2763 2881 2941 2940 VIII.
3023 2883 3256 2942 Consul
3293 2884 3443 2942 VII.
3518 2885 3705 2944 Pater
3738 2887 4036 2962 patriae,
4106 2903 4259 2946 con-

2755 2983 2886 3041 suli
2887 2983 3003 3043 bus
3018 3026 3035 3056 ,
3072 2986 3475 3060 praetoribus
3496 3027 3513 3056 ,
3559 2987 3833 3046 tribunis
3856 2988 4073 3063 plebis
4087 3030 4108 3061 ,
4159 3004 4255 3047 se-

2754 3086 3062 3163 natuique
3081 3086 3525 3145 Commodiano
3541 3085 3747 3146 Felici
3763 3089 4053 3148 salutem.

2881 3183 2954 3243 In
2990 3183 3283 3266 singulos
3337 3183 3563 3245 titulos
3610 3183 3907 3247 nonnihil
3938 3183 4247 3251 adverta-

2756 3302 2937 3344 mus:

2884 3381 3427 3448 IMPERATOR.
3486 3385 3591 3447 De
3619 3384 3751 3450 hoc
3786 3384 4068 3470 duplicis
4099 3407 4248 3450 sen·

2757 3503 2866 3545 sus
2902 3482 3095 3547 titulo
3140 3483 3332 3549 infra.

2881 3585 3195 3652 chlvs
3213 3632 3230 3662 ,
3261 3585 3419 3649 alias
3454 3600 3520 3650 et
3537 3586 3915 3658 MARCVS.
3942 3592 4246 3655 Notanda

2753 3682 2884 3745 hoc
2925 3684 3077 3750 loco
3121 3687 3583 3766 inconstantia,
3659 3710 3785 3774 qua
3843 3690 4244 3757 Commodus

2751 3787 2941 3849 Lucis·
2957 3830 2974 3863 ‚
3032 3787 3141 3849 vel
3187 3792 3397 3851 Marci
3419 3793 3601 3852 Aelii
3639 3794 3895 3854 Aurelii
3926 3798 4247 3860 Antonini

2757 3884 3128 3949 nominibus
3179 3903 3281 3950 est
3323 3910 3508 3968 usus,
3573 3890 3730 3953 dum
3784 3911 3861 3955 ea
3909 3917 4033 3979 pro
4075 3898 4241 3961 lubi-

2760 3985 2913 4048 dine
2980 3986 3110 4071 jam
3164 3989 3531 4074 adoptavit,
3602 3991 3729 4073 jam
3780 3997 4054 4080 respuit.
4143 4001 4239 4061 Ea

2756 4086 2868 4150 lex
2901 4090 3257 4164 secundum
3302 4104 3536 4155 numos
3590 4094 3753 4156 haec
3800 4095 3924 4159 fuit
3965 4116 4236 4162 concor-

2758 4188 2947 4251 dibus
2966 4190 3162 4271 etiam
3183 4192 3635 4271 marmoribus3
3672 4194 3878 4281 inqua
3897 4199 4240 4265 statuenda

2758 4289 2918 4353 olim
2954 4310 3190 4376 parum
3253 4312 3524 4358 veraces
3568 4296 3759 4363 fuere
3807 4300 4109 4366 Norisius
4155 4306 4235 4387 ⁶),

1153 4418 4228 4460 —-————-———————-——-----——-—-..-—.

1268 4489 1332 4558 a)
1374 4485 1680 4566 Lamprid.
1716 4508 1768 4548 c.
1799 4501 1886 4554 20.

1154 4574 1386 4635 Lxxu.
1426 4578 1474 4649 ς.
1516 4586 1602 4642 15.
1749 4581 1813 4651 e)
1852 4577 1913 4637 in
1951 4580 2136 4659 Epist.
2174 4601 2336 4646 cous.

2066 4491 2138 4568 h)
2174 4492 2289 4569 nio
2324 4494 2388 4557 L.
2427 4496 2549 4561 Lx.
2585 4499 2636 4573 §-
2665 4509 2762 4563 22.

2946 4505 3006 4575 ο.)
3044 4501 3193 4565 Hist.
3232 4503 3428 4585 abu-eg.
3468 4508 3536 4567 r.
3574 4507 3618 4570 1.
3658 4529 3718 4586 p.
3748 4520 3876 4585 περ.
4060 4480 4131 4584 ‹12'
4170 4510 4235 4572 1..
