4652 5937
1533 429 2143 507 PIIILIPPVS
2225 434 2280 511 1.

330 619 850 687 monetariorum
871 639 887 695 3
921 641 1067 682 nam
1094 617 1149 680 si
1168 615 1475 682 animalia
1496 616 1675 681 statis
1695 615 1832 681 die..

335 725 456 786 bus
489 725 683 785 missa
703 723 1069 784 indicarent
1091 764 1107 795 ,
1157 738 1415 799 causam
1451 740 1582 781 non
1618 718 1831 794 video,

331 846 454 889 cur
506 824 926 908 neglexerint
968 819 1314 885 monetarii
1365 819 1539 884 idem
1590 820 1832 884 docere

337 929 408 988 in
462 925 973 989 numia-aeneis.
1076 926 1161 985 At
1207 921 1589 985 docebimus
1640 918 1832 997 infra,

336 1030 703 1112 imperante
740 1026 1048 1109 Philippo
1090 1025 1157 1084 in
1186 1014 1466 1086 'moneta
1521 1038 1831 1105 argentea

337 1141 610 1211 coeptos
645 1126 889 1209 signari
924 1145 1232 1187 numeros
1271 1141 1335 1187 et
1368 1127 1590 1187 literas
1612 1125 1831 1186 solita·

336 1230 502 1315 rias,
547 1249 707 1312 quas
735 1224 1011 1287 subinde
1028 1246 1450 1289 successores
1475 1248 1619 1288 cum
1647 1239 1825 1288 tanto

337 1329 852 1416 antiquariorum
899 1327 1160 1405 fastidio
1221 1328 1767 1413 multiplicavere.

1065 1427 1103 1467 s

898 1470 938 1509 n·
1142 1506 1145 1511 .
1229 1471 1269 1510 n·

624 1536 709 1594 Vt
737 1534 837 1593 lit.
865 1534 940 1592 B.
973 1534 1134 1593 etA·
1185 1533 1387 1610 Caput
1410 1534 1480 1592 in
1511 1533 1668 1593 aliis
1685 1533 1834 1592 Phi-

622 1635 783 1712 lippa·
806 1636 865 1695 1.
898 1636 966 1693 in
1005 1635 1162 1694 aliis
1200 1635 1482 1712 Philippi
1511 1630 1598 1693 ΙΙ.

337 1735 829 1802 SAECVLVM.
862 1733 1202 1800 NOVVM.
1250 1737 1568 1813 Templum
1589 1735 1658 1795 in
1676 1735 1833 1794 aliis

338 1859 486 1911 sear,
534 1842 602 1899 in
622 1840 778 1897 aliis
810 1846 948 1897 octo
981 1838 1434 1908 columnarum,
1468 1839 1642 1895 intra
1660 1839 1837 1917 quod

332 1941 575 2001 idolum
592 1941 834 1998 sedem.
870 1938 1009 1998 AR.
1029 1937 1165 1996 ΑΕ.
1204 1938 1251 1998 Ι.
1280 1938 1359 2000 11.
1393 1938 1589 2017 (Mus.
1609 1936 1828 2014 Caes.)

463 2037 715 2100 Eadem
750 2057 977 2100 aversa
1036 2050 1246 2098 exstat
1279 2036 1473 2097 etiam
1510 2036 1579 2096 in
1614 2036 1830 2097 numis

339 2139 771 2214 Etruscillae,
822 2136 1260 2212 Treboniani,
1308 2151 1375 2198 et
1407 2137 1767 2204 Volusiani.
1840 2198 1849 2213 .

621 2242 798 2302 IMP.
854 2239 1095 2302 CAES.
1150 2241 1251 2302 M.
1296 2240 1461 2304 IVL.
1508 2238 1832 2299 PHILIP-

619 2342 809 2409 PVS.
853 2339 1048 2407 AVG.
1085 2343 1285 2416 Caput
1311 2324 1668 2402 laureatum
1687 2344 1836 2402 Phi·

627 2447 790 2521 In‘ppi
817 2446 906 2505 11.
953 2445 1032 2503 In
1066 2444 1200 2503 alio
1232 2452 1425 2521 caput
1442 2444 1674 2520 patris.
1806 2446 1810 2450 Α

341 2543 812 2611 SAECVLVM
862 2541 1203 2610 NOVVM‚
1256 2547 1526 2627 Vterque
1564 2546 1833 2622 impera-

258 2722 263 2726 ,
345 2657 446 2710 tor
486 2650 735 2709 velatus
769 2650 862 2707 ad
905 2667 1088 2707 aram
1120 2649 1494 2727 sacrificans
1532 2648 1832 2707 adstante

339 2752 604 2813 tibicine
630 2757 696 2811 et
724 2750 1232 2831 quatuorfiyuris
1250 2749 1404 2808 aliis
1412 2767 1446 2821 ;
1490 2758 1655 2809 retro
1683 2757 1843 2808 tem-1

334 2854 513 2929 plum
532 2859 672 2913 octo
696 2853 1149 2912 columnarum.
1170 2847 1308 2911 ΑΕ.
1343 2868 1428 2909 m.
1451 2869 1535 2910 m.
1561 2847 1831 2930 (vain.)

663 3057 740 3115 V.
785 3055 849 3115 C.
900 3062 1083 3117 1002.
1127 3055 1198 3114 P.
1248 3057 1326 3115 X.
1360 3059 1509 3116 249.

478 3158 606 3218 ΤΒ.
645 3156 718 3216 Ρ.
753 3156 861 3214 Vl.
899 3156 1074 3216 COS.
1104 3156 1229 3213 ΙΙΙ.
1266 3156 1336 3213 Ρ.
1377 3156 1467 3214 Μ.
1500 3144 1571 3211 15.
1620 3152 1687 3213 P.

368 3259 478 3318 M.
512 3256 880 3318 Aemiliano
917 3255 1049 3328 11.‚
1095 3255 1283 3313 Iunio
1317 3253 1629 3334 Aquilino
1664 3272 1793 3313 cos.

474 3454 845 3538 lotapianus
891 3452 959 3513 in
1014 3450 1327 3527 Oriente,
1388 3453 1464 3515 P.
1516 3451 1838 3515 Carvilius

354 3559 647 3620 Marinus
709 3554 775 3615 in
838 3554 1088 3615 Moesia
1138 3567 1204 3616 et
1253 3555 1586 3615 Pannonia
1639 3553 1843 3637 impe-

352 3655 526 3723 rium
569 3656 918 3730 invadunt,
985 3654 1104 3717 sed
1162 3657 1386 3739 paullo
1426 3667 1575 3737 post
1632 3665 1844 3715 morte

361 3758 772 3833 adficiuntur.
817 3758 1160 3841 Philippus
1207 3756 1284 3818 ad
1324 3754 1701 3839 sopiendam
1742 3773 1851 3815 ex·

359 3862 607 3926 ercitus
650 3859 1009 3924 Pannonici
1059 3856 1449 3921 seditionem
1496 3854 1847 3936 Trajanum

350 3964 635 4029 Decium
688 3963 923 4035 mittit,
983 3959 1179 4045 quem
1231 3960 1543 4042 continuo
1580 3957 1846 4028 milites,

354 4085 485 4149 qno
513 4083 794 4150 poenam
827 4063 1218 4135 evaderent,
1265 4061 1630 4141 Augustum
1681 4058 1848 4119 salu-

355 4179 514 4228 tant.
600 4164 935 4228 Adversus
969 4184 1120 4226 eum
1156 4160 1320 4223 urbe
1354 4179 1658 4245 egressus
1695 4158 1846 4218 Phi-

352 4266 573 4349 lippus
640 4267 895 4349 praelio
964 4264 1135 4349 apud
1187 4265 1516 4329 Veronam
1566 4258 1877 4321 inferior‘

314 4407 321 4412 ·
356 4363 567 4441 cadit,
611 4387 766 4429 mox
812 4365 987 4429 filius
1022 4366 1091 4434 in
1126 4363 1291 4427 urbe
1338 4385 1373 4425 a
1414 4360 1843 4446 praetorianis

352 4467 422 4528 in
459 4466 689 4529 castris
726 4465 1120 4532 interficitur
1150 4467 1231 4539 ¹).
1276 4464 1654 4530 chronicon
1692 4464 1845 4526 Ale-

3223 465 3229 473 ‘
3301 459 3444 527 322

1951 617 2337 682 xandriirum
2367 618 2666 701 exegisse
2682 641 2829 685 eum
2854 643 3054 685 annos
3076 624 3244 687 vitae
3262 612 3448 692 'XLV

1951 719 2233 795 adserit,
2277 734 2344 815 at
2375 721 2677 785 Zosimus
2711 723 2914 788 debili
2955 745 3104 789 eum
3123 726 3245 813 per
3277 744 3448 793 aeta-

1951 833 2083 884 tem
2124 821 2328 885 fuisse
2367 842 2648 909 corpore
2693 840 2932 890 narrat.

2075 924 2366 988 Durasse
2387 926 2842 1010 Philipporum
2861 928 3212 1014 imperium
3239 947 3446 1013 usque

1949 1022 2029 1086 ad
2085 1024 2464 1089 inchoatum
2526 1027 2758 1090 saltem
2807 1044 3224 1102 autumnum,
3291 1050 3447 1113 pro-

1946 1120 2151 1193 batur
2196 1126 2480 1207 primum
2544 1149 2626 1191 ex
2704 1132 2916 1192 numis
2980 1131 3444 1195 Alexandrinis

1943 1224 2273 1308 inscriptis
2330 1227 2404 1285 L.
2451 1228 2566 1297 Ζ..
2612 1252 2776 1313 quos
2828 1252 3101 1297 necesse
3156 1247 3257 1295 est
3295 1253 3442 1294 esse

1945 1328 2233 1410 signatos
2268 1324 2420 1388 inde
2452 1328 3050 1415 a«XXlX.Augusti
3086 1334 3233 1394 anni
3255 1354 3443 1417 prae-

1924 1430 2179 1510 sentis,
2227 1448 2357 1511 quo
2405 1430 2997 1498 Alexandrinorum
3047 1455 3249 1496 annus
3293 1436 3439 1499 VH.

1947 1529 2215 1614 incepit.
2306 1531 2566 1594 Deinde
2627 1535 2839 1596 numis
2902 1535 3199 1616 coloniae
3253 1536 3442 1598 Sino-

1948 1632 2170 1715 pensis
2207 1632 2602 1714 cum„capite
2638 1633 3133 1719 Philipporum,
3183 1652 3247 1700 et
3269 1657 3470 1711 anno¹

1950 1731 2322 1806 cccmx„
2405 1755 2598 1819 quem
2641 1812 2642 1815 Ἴ
2680 1736 2838 1798 item
2889 1739 3163 1827 ‘signari
3219 1738 3443 1801 decuit
3509 1730 3512 1731 ⁷

1945 1830 2108 1893 inito
2150 1831 2280 1913 jam
2323 1848 2671 1910 autumno,
2716 1852 2790 1899 ut
2831 1850 3010 1921 patet
3055 1860 3135 1901 ex
3182 1840 3440 1903 calculo

1945 1950 2139 1995 aerae
2177 1933 2581 2019 Sinopensis.
2664 1938 3060 2022 Scrupulum
3114 1941 3284 2009 male
3331 1962 3443 2001 au-

1946 2031 2264 2115 spicatum
2308 2036 2735 2120 chronologis
2767 2040 2994 2120 iniecit
3020 2041 3439 2103 Froelichius
3469 2036 3478 2043 ’

1946 2132 2029 2194 ad
2064 2136 2591 2200 contrahendum
2627 2139 2923 2224 Philippi
2972 2141 3319 2225 imperium
3355 2160 3443 2207 ex:

1945 2234 2213 2317 vulgato
2276 2256 2401 2319 per
2464 2238 2879 2302 manifestum
2926 2262 3222 2304 errorem
3268 2261 3504 2304 anno..

1948 2355 2141 2398 aerae
2189 2337 2671 2425 Anazarbensis
2720 2328 2787 2401 in
2840 2342 3041 2402 numo
3077 2343 3310 2417 Decii,
3356 2343 3441 2406 de

1944 2456 2078 2522 quo
2113 2435 2262 2498 vide
2285 2481 2302 2510 ,
2343 2430 2521 2523 ⁴quae
2550 2440 2874 2526 disputavi
2907 2442 2981 2502 -in
3018 2443 3231 2505 numis
3275 2436 3443 2505 Ana·

1948 2536 2134 2598 zarbi
2172 2536 2462 2601 Ciliciae.
2541 2541 2685 2603 Alia
2731 2556 3115 2626 argumenta
3154 2543 3446 2627 promoti.

1952 2659 2156 2721 usque
2220 2639 2287 2700 in
2345 2654 2725 2704 autumnum
2785 2643 3047 2728 imperii
3092 2665 3174 2707 ex
3220 2646 3448 2727 legum

1951 2738 2545 2823 subscriptionibus
2585 2744 2789 2827 petita
2841 2746 2993 2810 vide
3032 2745 3205 2829 apud
3241 2745 3468 2811 'ville--

1952 2841 2300 2907 montium.
3000 2898 3008 2905 .

2077 2946 2262 3029 Ergo
2296 2944 2609 3031 Philippo
2646 2942 2904 3030 perfide
2938 2946 3306 3032 principatu
3331 2968 3449 3033 po·
3559 2932 3578 2957 l

1950 3045 2076 3107 tito
2112 3067 2370 3109 memor
2401 3049 2676 3110 sceleris
2709 3049 3008 3111 Nemesis
3041 3070 3232 3133 pares
3269 3052 3450 3115 vices

1953 3148 2281 3228 rependit.
2329 3152 2475 3212 Hoc
2498 3170 2695 3210 unum
2727 3162 3071 3232 peccatum
3107 3151 3164 3211 si
3201 3150 3447 3227 demas,

1950 3245 2207 3328 reliqua
2261 3246 2403 3325 ejus
2449 3249 2577 3310 vita
2629 3250 3151 3330 reprehensione
3185 3250 3452 3317 videtur

1954 3346 2277 3426 caruisse.
2314 3344 2756 3407 Christianum
2792 3347 2997 3412 fuisse
3034 3351 3225 3411 multi
3271 3366 3452 3413 vete-

1954 3465 2137 3521 rum,
2188 3464 2354 3527 quos
2405 3445 2580 3508 inter
2631 3461 2700 3510 et
2748 3449 2954 3511 sancti
2991 3463 3212 3534 patres
3256 3452 3454 3514 exsti·

1954 3547 2136 3622 tere',
2182 3550 2546 3612 memoriae
2572 3548 3047 3633 prodiderunt,
3083 3548 3270 3638 quod
3305 3572 3456 3616 exa·

1961 3668 2114 3710 men
2148 3668 2299 3711 cum
2346 3651 2476 3714 mei
2505 3651 2779 3714 instituti
2814 3672 2948 3714 non
2993 3652 3117 3727 sit,
3163 3664 3231 3713 et
3256 3651 3456 3714 abun*

1960 3746 2048 3810 de
2105 3751 2432 3836 agitatum
2463 3753 2542 3814 ab
2603 3753 2918 3815 historiae
2965 3751 3453 3815 ecclesiasticae

1961 3852 2395 3934 scriptoribus
2416 3897 2433 3928 ,
2479 3875 2554 3916 ac
2587 3854 2967 3937 cumprimis
3001 3851 3453 3927 OE'illemontio,

1960 3952 2087 4036 ipsi
2134 3973 2295 4015 vero
2344 3955 2528 4016 numi
2568 3968 2886 4038 perpetua
2929 3951 3248 4016 falsorum
3295 3952 3452 4015 deo·

1958 4075 2109 4116 rum
2166 4042 2501 4122 mentione
2544 4055 2941 4136 contrarium
2986 4054 3207 4138 potius
3254 4052 3451 4119 doce-

1959 4170 2105 4233 ant,
2151 4154 2313 4218 haec
2343 4156 2725 4242 relinquere
2763 4158 3001 4219 intacta
3042 4153 3287 4218 licebit.
3348 4156 3451 4218 lu-

1959 4271 2063 4320 ter
2110 4257 2297 4321 divos
2341 4279 2467 4320 una
2516 4278 2666 4321 cum
2717 4255 2857 4319 filio
2916 4256 3200 4321 relatum
3249 4254 3450 4322 tradit

1957 4359 2364 4442 Eutropius,
2410 4359 2593 4420 numi
2623 4351 2859 4421 tacent.

2084 4460 2274 4529 onr
2305 4463 2587 4524 Otacilia
2607 4503 2625 4535 ,
2671 4456 2755 4521 de
2783 4479 2909 4544 qua
2939 4457 3132 4525 infra.

429 4700 493 4773 a)
533 4697 822 4758 Zosimus.
