4652 5937
1295 526 1437 603 192
2077 498 2166 571 L.
2269 496 2929 570 SEPTIMIVS
3033 496 3594 604 SEVERVS.

3853 684 3882 695 ο

1296 713 1378 755 ex
1432 684 1879 750 monumentis
1932 680 2212 765 publicis
2257 700 2520 765 semper
2574 679 2794 745 exula·
3456 674 3470 684 ’
3539 686 3752 746 Pius.

1296 809 1497 863 vere,
1528 785 1532 788 ⁴
1560 806 1776 870 neque
1823 784 2052 849 hercle
2115 782 2252 847 ausi
2298 797 2516 845 essent
2570 803 2795 845 mone-

1293 891 1444 954 tarii
1492 910 1567 951 ea
1618 887 1866 949 inferre
1914 884 2167 959 munis,
2228 897 2294 945 et
2331 884 2619 947 Severus
2661 883 2794 966 jam

1296 995 1363 1054 in
1405 989 1622 1053 numis
1681 989 1798 1062 iis,
1862 985 1974 1072 qui
2030 985 2265 1068 signati
2326 984 2556 1059 fuere,
2616 997 2796 1046 ante-

1290 1113 1491 1178 quam
1525 1091 1608 1153 de
1651 1090 1793 1174 ejus
1831 1086 2264 1172 parsimonia,
2329 1100 2397 1148 et
2436 1085 2792 1149 acerbitate

1289 1207 1648 1268 >con-staret,
1693 1189 2057 1253 Pertinacis
2089 1190 2356 1252 nornine
2383 1188 2724 1272 gloriatur.

1465 1297 1853 1376 Cognomen
1920 1289 2097 1352 istud
2159 1290 2226 1351 in
2295 1287 2599 1352 omnibus
2649 1287 2793 1371 ejus

1297 1396 1511 1460 numis
1555 1393 1708 1457 inde
1759 1392 1839 1454 ab
1908 1390 2083 1452 adito
2135 1390 2504 1475 principatu
2545 1389 2795 1474 legitur

3036 866 3185 930 Hoc
3223 864 3415 929 timto
3439 864 3723 927 Severus
3744 866 3807 926 in
3845 864 4073 926 numis
4091 865 4218 927 suis
4245 867 4378 930 mihi

2909 966 3191 1054 cognitis
3222 967 3480 1029 nonnisi
3500 986 3667 1028 anno
3690 968 3768 1034 V.
3786 968 3863 1030 C.
3885 969 4020 1048 954
4041 967 4138 1029 uti
4168 968 4378 1051 incipit.

2906 1071 2994 1133 At
3037 1089 3362 1131 marmora
3418 1088 3566 1130 eum
3604 1067 3736 1150 jam
3783 1068 3854 1129 in
3901 1065 4242 1131 tribunatu
4266 1070 4380 1142 11L,

2907 1193 3027 1236 seu
3065 1173 3150 1238 V.
3179 1173 3256 1236 C.
3291 1171 3416 1256 948
3461 1175 3647 1233 Pium
3705 1185 4080 1253 agnoscunt
4114 1169 4196 1246 c).
4236 1168 4380 1261 Quin

2909 1287 2977 1336 et
3025 1272 3092 1334 in
3136 1294 3362 1336 aversa
3411 1293 3760 1332 numm-um
3818 1272 4207 1336 Caracallae
4255 1276 4385 1337 Cae·

2911 1373 3110 1447 saris,
3173 1373 3286 1457 qui
3322 1392 3550 1435 omnes
3590 1385 3739 1434 ante
3782 1395 4032 1436 annum
4073 1377 4160 1440 V.
4191 1360 4256 1436 C.
4285 1383 4378 1457 95·

1286 1517 1498 1582 usque
1534 1494 1618 1557 ad
1650 1495 2047 1556 tribunatum
2067 1494 2209 1559 Vll.
2232 1537 2250 1566 ‚
2295 1512 2413 1555 seu
2447 1513 2683 1553 annum
2702 1489 2786 1556 V.

1290 1602 1363 1660 C.
1418 1598 1574 1678 (352,
1655 1615 1784 1677 quo
1854 1613 2020 1653 anno
2080 1613 2117 1653 a
2182 1592 2577 1656 succedente
2633 1596 2791 1653 Par-

1287 1704 1446 1761 tlu'ci
1482 1699 1762 1758 Maximi
1786 1692 1978 1755 titulo
2011 1705 2348 1754 extrusum
2389 1706 2525 1767 est,
2569 1710 2786 1774 neque

1292 1799 1603 1880 deinceps
1669 1815 1774 1857 me
1826 1796 1894 1854 in
1944 1793 2072 1855 alio
2127 1814 2329 1854 numo
2373 1791 2604 1875 legere
2655 1811 2787 1853 me-

1289 1898 1487 1972 mini,
1585 1896 1851 1976 dempto
1932 1914 2061 1955 uno
2120 1894 2439 1955 maximae
2510 1891 2784 1967 formae,

1290 2019 1487 2083 quem
1554 1994 1875 2078 descripsi
1936 1992 2020 2055 ad
2079 2015 2314 2056 annum
2376 1994 2463 2061 V.
2514 1994 2583 2056 C.
2642 1991 2789 2074 960,

1291 2101 1409 2162 sed
1460 2099 1570 2181 qui
1606 2097 1690 2159 ob
1728 2096 1933 2168 hanc,
1991 2108 2129 2155 tum
2165 2096 2392 2177 plurcs
2439 2091 2598 2156 alias
2642 2114 2790 2156 cau-

1293 2224 1397 2264 sas
1427 2199 1584 2261 mihi
1605 2211 1944 2280 suspectus
1965 2195 2262 2258 habetur.
2308 2199 2540 2279 Neque
2561 2214 2789 2257 moror

1289 2323 1479 2376 eum,
1541 2320 1734 2383 quem
1792 2298 2024 2359 recitat
2078 2296 2454 2357 Harduinus
2503 2296 2595 2374 ⁸),
2673 2293 2787 2378 qui

1290 2405 1614 2464 Severum
1649 2397 1861 2460 adhuc
1895 2398 1962 2458 in
2001 2397 2332 2460 tribunatu
2369 2396 2489 2469 X„
2535 2408 2603 2457 et
2635 2415 2789 2457 con-

1220 2548 1225 2551 ,
1293 2504 1508 2564 suiatu
1547 2503 1658 2562 111.
1696 2498 2109 2562 Pertinacem
2145 2497 2454 2582 appellat.
2527 2498 2780 2558 Numus

1286 2606 1505 2666 fertur
1575 2616 1963 2686 argenteus,
2045 2620 2120 2663 ac
2186 2612 2539 2682 propterea
2595 2610 2778 2659 tanto

1283 2706 1493 2790 magis
1525 2717 1902 2786 suspectus,
1965 2702 2114 2786 quia
2154 2700 2328 2761 forte
2374 2702 2778 2776 subaeratus,

1286 2826 1479 2889 quam
1533 2802 1970 2885 suspicionem
2008 2799 2350 2865 confirmat
2390 2802 2670 2885 scriptus
2711 2800 2780 2862 in

2902 1473 3200 1559 percussi
3235 1485 3383 1534 sunt
3405 1517 3422 1546 ‚
3467 1472 3593 1553 jam
3648 1477 4034 1559 reperimus
4064 1476 4384 1561 scriptum3

2907 1577 3245 1643 SEVERI.
3281 1574 3481 1639 AVG.
3522 1577 3657 1636 1³11.
3693 1578 3858 1647 Fu..
3905 1579 4100 1660 Ergo
4123 1578 4245 1660 jam
4279 1579 4387 1662 pri·

2904 1677 3054 1739 dem
3089 1696 3330 1738 nomen
3357 1675 3529 1737 istud
3557 1676 3678 1738 sibi
3713 1679 4068 1763 proprium
4110 1676 4278 1743 fecit.
4316 1678 4388 1739 At

2904 1798 2986 1839 ex
3036 1797 3165 1861 quo
3201 1777 3367 1837 illud
3413 1777 3479 1838 in
3525 1793 3854 1842 monetam
3906 1803 4100 1846 suam
4140 1778 4381 1863 recepit,

2903 1897 3110 1962 usque
3179 1877 3263 1939 ad
3337 1876 3579 1939 exitum
3647 1882 3924 1945 retinuit
4012 1894 4383 1944 constanter.

2907 1984 3196 2062 Tempus
3240 1998 3404 2064 ergo
3456 1979 3744 2064 adoptati
3806 1983 3949 2064 ejus
4003 1981 4186 2045 tituli
4236 1977 4383 2041 baud

2903 2079 3102 2142 dubie
3133 2093 3234 2141 est
3268 2079 3408 2161 ejus
3441 2081 3807 2147 tribunatus
3834 2087 3972 2162 111.‚
4020 2104 4171 2145 nam
4201 2079 4382 2143 tribu-

2900 2195 3089 2243 natus
3120 2183 3201 2241 11.
3241 2202 3562 2244 marmora
3596 2185 3812 2247 omnia
3850 2206 3930 2247 eo
3951 2184 4279 2247 abstinent
4303 2179 4376 2255 ¹¹),

2903 2303 3226 2344 marmora
3243 2281 3606 2371 tribunatus
3622 2287 3730 2346 111.
3749 2286 3871 2347 alia
3894 2286 4021 2350 ino
4059 2295 4277 2350 carent
4303 2282 4372 2361 θ),

2903 2382 3025 2446 alia
3063 2384 3396 2458 adserunt,
3443 2397 3513 2443 ut
3546 2383 3833 2449 dixi.=Et
3868 2408 4034 2450 vero
4071 2389 4141 2449 in
4174 2383 4375 2450 eodem

2901 2481 3231 2544 tribunatu
3270 2485 3379 2543 111.
3424 2505 3662 2567 nempe
3700 2487 3779 2551 V.
3816 2489 3887 2551 C.
3922 2492 4057 2567 948
4108 2485 4379 2557 vidimus,

2896 2583 3214 2647 Severum
3248 2605 3318 2646 se
3369 2587 3458 2645 M.
3506 2587 3777 2649 Aurelio
3808 2589 4250 2674 adoptandum
4286 2583 4378 2646 de-

2893 2686 3088 2759 disse,
3118 2699 3186 2748 et
3227 2705 3372 2748 sese
3415 2686 3481 2747 in
3531 2689 3743 2751 numis
3803 2691 4153 2775 scripsisse
4189 2686 4369 2756 mvi.

2893 2789 2985 2848 M.
3022 2790 3161 2851 1²11.
3213 2791 3473 2851 Filium.
3544 2788 3767 2883 Quare
3815 2806 3882 2854 et
3920 2793 4077 2877 ipse
4134 2788 4302 2853 velut
4352 2804 4382 2845 s

1180 2942 1183 2945 >
1287 2919 1562 2988 utraque
1614 2904 1795 2964 numi
1842 2918 2026 2988 parte
2069 2905 2145 2963 P.
2197 2904 2288 2962 M.
2349 2902 2599 2963 titulus.
2708 2899 2781 2963 Si

2895 2902 3081 2973 patre
3115 2889 3586 2951 hereditarium
3625 2890 3803 2955 hunc
3835 2893 3961 2955 sibi
3997 2892 4258 2957 titulum
4280 2886 4371 2951 ad·

2901 2990 3090 3053 scivit
3132 3010 3281 3052 cum
3328 2989 3482 3053 filiis
3527 3013 3788 3077 quoque
3817 2996 4372 3062 communicatum,

2897 3091 3066 3154 utin
3102 3091 3204 3155 his
3237 3090 3530 3155 dicetuw

1287 3005 1699 3088 Spartianum
1735 3003 1956 3066 audias
1990 3003 2052 3084 b)
2076 3047 2093 3078 ,
2155 3003 2295 3084 ipse
2333 3002 2618 3068 Severus
2669 3022 2788 3065 no-

1278 3093 1467 3168 men·
1500 3101 1678 3165 istud
1733 3103 1986 3165 aboleri
2042 3102 2291 3178 voluit.
2359 3107 2781 3185 querimonia,

1283 3221 1352 3269 ut
1427 3205 1556 3280 ait,
1643 3209 2012 3267 amicorum.
2097 3203 2281 3266 Haec
2351 3203 2562 3267 oratio
2629 3226 2777 3270 cum

1285 3320 1515 3391 suapte
1562 3306 1728 3368 nihil
1797 3302 2566 3388 habetsprobabilitatis‚
2626 3327 2780 3371 con-

1283 3423 1492 3472 stante
1525 3428 1648 3491 per
1686 3429 1912 3471 omnes
1953 3407 2219 3470 ordines
2248 3405 2312 3465 in
2357 3404 2772 3470 Pertinacem

3436 3280 3850 3345 Invictus.

3024 3415 3166 3477 Hoc
3198 3412 3418 3496 elogio
3448 3413 3810 3479 >decoratur
3850 3419 3916 3479 in
3954 3439 4187 3482 aversa
4211 3412 4374 3478 numi

1286 3510 1582 3586 adfectu,
1647 3522 1783 3570 tum
1841 3508 2107 3590 copiose
2150 3506 2476 3570 refutatur
2517 3531 2554 3571 a
2608 3531 2775 3571 mar-
2887 3515 3094 3577 Getae
3112 3515 3428 3588 Caesaris,
3451 3515 4361 3586 SEVER1.1NV1CT1.AVG·

1284 3611 1579 3675 moribus
1608 3607 1976 3685 veteribus,
2027 3629 2307 3689 quorum
2341 3608 2456 3672 illa
2492 3631 2782 3695 quoque,
2895 3617 3029 3676 P11.
3065 3619 3231 3678 FIL.
3253 3661 3270 3690 ‚
3306 3617 3461 3679 item
3496 3613 3562 3679 in
3599 3640 3801 3683 numo
3834 3642 4029 3705 supra
4062 3625 4147 3692 V.
4172 3619 4361 3701 C·95l}

1284 3734 1451 3797 quae
1524 3708 1663 3779 subm
1713 3707 1854 3789 ejus
1925 3715 2267 3771 excessum
2336 3710 2546 3792 posita
2605 3725 2775 3786 sunt,
2895 3715 3262 3799 descriptO,
3308 3720 3378 3779 in
3423 3719 3608 3797 cujus
3642 3722 3852 3785 antica
3901 3723 4047 3805 ipse
4092 3738 4157 3787 et
4193 3721 4360 3784 Cara-

1280 3817 1682 3878 Pertinacem
1717 3809 2036 3870 Severum
2068 3810 2421 3894 appellant.
2468 3811 2678 3894 Saepe
2708 3812 2779 3874 in
2894 3818 3062 3879 calla
3130 3819 3471 3884 dicuntur:
3554 3824 3783 3884 IMPP.
3846 3824 4196 3891 INVIC'I'I.
4231 3819 4355 3882 ΡΠ.

1286 3913 1502 3976 numis
1542 3909 1720 3974 tituli
1753 3905 2015 3972 veteres
2061 3926 2339 3996 propter
2378 3915 2776 3977 contractius
2808 3928 2811 3931 ’
2892 3919 3153 3983 AVGG.
3199 3920 3430 3983 Numis
3467 3920 3634 3984 adde
3664 3925 4001 4007 complura
4035 3940 4357 3989 marmora.

1283 4015 1561 4098 spatium
1616 4037 1655 4076 a
1699 4030 1935 4084 recens
1992 4014 2159 4084 natis
2210 4014 2363 4078 loco
2401 4029 2772 4093 moventur,
2892 4018 3184 4084 'l'itulum
3238 4021 3412 4083 hunc
3473 4023 3596 4085 sibi
3644 4026 4012 4108 promeruit
4062 4048 4147 4090 ex
4193 4021 4352 4086 bello

1285 4136 1451 4200 quae
1497 4128 1715 4178 tamen
1769 4137 1807 4177 a
1855 4114 2292 4177 marmoribus
2337 4116 2557 4179 omnia
2606 4118 2773 4181 reci·
2885 4120 3197 4185 Parthico
3233 4143 3482 4185 summa
3520 4125 3760 4187 virtute
3797 4140 4005 4210 gesto.
4052 4130 4127 4191 In
4163 4120 4355 4189 nuruis

1276 4216 1571 4299 piantur.
1675 4216 1787 4278 Sic
1865 4229 1932 4278 et
1991 4219 2360 4280 Parthicum
2415 4221 2774 4282 Maximum
2888 4220 3358 4303 imperatorum
3413 4223 3748 4289 inferioris
3782 4228 3926 4291 aevi
3941 4255 3964 4305 ‚¹
4022 4225 4351 4313 praecipue

1283 4316 1458 4380 haud
1489 4317 1697 4380 multo
1733 4316 1945 4392 seri-us
1977 4317 2253 4381 extrusit
2276 4318 2498 4386 PIVS.
2883 4321 3092 4385 Probi
3112 4367 3130 4400 ,
3161 4323 3283 4389 hio
3320 4325 3551 4389 titulus
3577 4326 3842 4392 obvius.

1274 4518 4327 4553 Ἤ

1352 4634 1418 4733 ..3
1456 4659 1601 4717 nist,
1641 4662 1790 4737 Aug.
1830 4660 1909 4718 aa
1943 4660 2020 4724 v.
2059 4663 2123 4720 c.
2163 4666 2250 4727 5⁶.
2347 4660 2410 4736 b)
2451 4663 2515 4722 in
2549 4664 2766 4724 Severo
2804 4686 2854 4725 ο.
2882 4683 2935 4735 7.

3048 4672 3109 4742 c)
3152 4669 3321 4727 Grut.
3361 4690 3423 4748 p.
3450 4647 3656 4740 2656.
3688 4671 4007 4732 Chandler-
4030 4671 4208 4736 Inscr-
4236 4678 4340 4733 ant·

1285 4770 1347 4829 p.
1381 4763 1465 4815 17.
1617 4746 1684 4818 d)
1728 4751 1945 4808 Gruter
1976 4772 2035 4829 p.
2072 4753 2203 4817 263.
2245 4772 2404 4810 num.
2439 4765 2490 4820 3.
2521 4761 2574 4816 4.
2603 4766 2659 4819 5.
2688 4757 2742 4819 6.
3633 4749 3640 4754 “

2900 4762 2961 4832 e)
2999 4758 3153 4820 lbid.
3182 4780 3240 4839 p.
3272 4767 3362 4824 40.
3400 4773 3484 4824 ιι.
3525 4764 3736 4824 Mum.
3778 4782 3839 4839 p.
3874 4773 3996 4839 189.
4025 4774 4081 4827 2.
