4652 5937
1085 392 1371 505 Plso.
1454 431 1944 507 VALENS.
2032 431 2560 508 BALISTA.

269 615 671 679 Thessaliam
707 612 902 687 abiit,
958 611 1438 699 imperiumque
1472 614 1565 676 ibi
1596 637 1755 697 pau-

264 716 359 780 cis
395 713 950 780 consentientibus
986 715 1294 799 sumpsit,
1353 715 1567 779 dictus
1601 737 1754 799 pro·

263 830 495 900 pterea
544 820 973 891 Thessalicus,
1019 817 1240 900 paullo
1283 831 1433 900 post
1468 815 1681 897 missis
1714 838 1751 880 a

260 918 541 984 Valente
585 917 1088 998 percussoribus
1124 938 1163 980 e
1205 917 1420 979 medio
1474 904 1749 985 tollitur.

260 1018 435 1086 Vide
480 1018 890 1084 Trebellium
933 1019 1001 1082 in
1048 1024 1354 1102 Tyranno
1394 1017 1540 1089 XX.
1641 1045 1650 1053 ·

3204 443 3339 527 ιιὸι

2457 618 2534 679 N
2545 641 2585 679 u
2603 639 2663 679 m
2684 621 2710 678 a·
2728 639 2751 679 .·

1987 713 2150 796 Ejus
2172 736 2447 780 numum
2473 718 2809 794 Latinum,
2852 718 2919 778 in
2952 718 3136 802 cujus
3166 740 3351 782 aver·

1863 835 1933 877 sa
1966 816 2392 882 THESSAL.
2425 820 2741 906 AgVGVS.
2774 816 3038 899 dicitur,
3072 822 3351 884 alterum

1862 916 2377 982 Alexandrinum
2410 919 2780 992 Bandurius
2820 939 2902 980 ex
2935 942 3065 984 uno
3099 921 3352 985 Medio-

1864 1014 2069 1079 barbo
2116 1019 2367 1095 hausit,
2413 1020 2532 1084 sed
2561 1021 2646 1085 de
2687 1040 2965 1106 quorum
3005 1021 3135 1096 fide
3178 1044 3350 1087 nune

1863 1120 2067 1203 vulgo
2101 1119 2455 1185 dubitatur.

1520 1468 1523 1477 ·
1590 1432 2043 1495 VALENS.

234 1697 240 1702 ,
391 1628 677 1693 Achaiae
710 1626 1065 1713 proconsul
1101 1648 1136 1688 a
1172 1627 1474 1690 Gallieno
1513 1627 1752 1692 consti-

263 1743 440 1794 tutus
485 1753 523 1793 a
567 1731 897 1795 Macriano
944 1728 1197 1791 insidiis
1245 1730 1528 1812 petitur,
1591 1750 1750 1813 quas

264 1846 337 1895 ut
402 1831 798 1906 declinaret,
879 1829 1225 1914 imperium
1295 1830 1561 1915 arripit,
1633 1829 1751 1893 sed

260 1932 451 1996 brevi
486 1956 523 1996 a
564 1931 881 1995 militibus
924 1930 1347 1995 interimitur.
1388 1932 1560 2000 Vide
1591 1937 1752 1996 Tre-

264 2032 535 2097 bellium
581 2034 650 2097 in
695 2038 1001 2117 Tyranno
1044 2033 1279 2101 xvnt.

1991 1628 2278 1689 Numum
2329 1623 2479 1705 ejus
2540 1625 3054 1690 Alexandrinum
3095 1629 3351 1691 Bandu-

1864 1727 2000 1790 rius
2036 1748 2117 1789 cx
2152 1747 2283 1789 uno
2322 1727 2590 1790 Occone
2629 1728 2843 1799 novit3
2890 1749 3064 1791 nunc
3089 1730 3352 1792 nemine

1863 1829 2051 1895 illum
2097 1829 2229 1891 alio
2272 1825 2643 1894 vindicante
2689 1830 3145 1892 contemnitur.

1542 2230 2050 2291 BALJSTA.

389 2425 446 2485 A
496 2420 847 2491 Valeriano
888 2420 974 2484 ad
1025 2419 1334 2483 maximas
1378 2420 1771 2506 dignitates,

265 2539 334 2589 et
367 2525 575 2609 ipsam
614 2523 929 2605 praetorii
969 2522 1448 2604 praefecturam
1493 2543 1753 2607 promo-

247 2643 401 2708 jus,
444 2645 727 2708 eumque
757 2623 838 2685 ad
875 2623 1124 2685 bellum
1160 2624 1497 2686 Persicum
1528 2624 1751 2688 adsec-

262 2743 466 2803 tatus,
512 2728 631 2790 illo
683 2747 719 2786 a
768 2723 989 2785 Persis
1040 2736 1230 2805 capto
1280 2724 1613 2787 Macriano
1668 2724 1751 2793 ad

261 2830 643 2903 sumendam
679 2846 1033 2909 purpuram
1072 2839 1301 2887 auctor
1335 2824 1497 2902 fuit,
1558 2848 1751 2910 quam

262 2946 330 2994 et
388 2932 530 3015 ipse
589 2929 799 2991 serius
858 2925 1211 3010 arripuisse
1280 2926 1528 3004 fertur,
1604 2929 1750 3006 etsi,

263 3046 485 3096 utrum
528 3050 685 3094 vere
744 3028 1201 3110 imperaverit,
1264 3026 1574 3102 adserere
1616 3052 1748 3093 non

262 3132 497 3196 audeat
541 3124 919 3195 Trebellius
950 3134 1034 3211 ⁸).
1121 3131 1195 3190 In
1251 3129 1532 3193 Oriente
1593 3129 1749 3192 dum

1868 2436 2203 2499 versatur,

1867 2523 2179 2586 creditur.
2266 2523 2435 2588 Vide
2496 2522 2994 2585 Tillemontium
3053 2524 3173 2588 sub
3227 2528 3353 2595 Va-

1865 2625 2117 2687 leriano
2164 2638 2233 2685 et
2277 2621 2600 2711 Gallieno.

2278 2418 2609 2485 Odenathi
2659 2421 2912 2483 insidiis
2963 2424 3349 2488 occubuisse
3401 2508 3408 2513 .

1989 2724 2203 2806 Hujus
2239 2726 2497 2805 tyranni
2541 2745 2812 2787 numum
2850 2724 3155 2788 Latinum
3196 2725 3356 2788 hau2
3443 2794 3450 2799 ,

1868 2826 1950 2888 sit
1995 2825 2461 2888 Mediobarbus
2502 2844 2584 2901 ex
2631 2826 2922 2890 Occone.
2969 2823 3353 2888 Alexandri·

1863 2952 2019 2993 num
2064 2912 2313 2993 addidit
2350 2926 2673 2994 Goltzius.
2759 2926 2995 2992 neutri
3036 2924 3200 2993 fides
3243 2928 3382 2992 ha·-

1862 3031 2074 3096 betur.

1433 3438 1569 3498 aa*
1593 3391 2182 3505 GALIANVS.

394 3640 835 3716 Beqillianum·
894 3645 1131 3700 vocant
1203 3632 1615 3710 TreBellius,
1670 3649 1751 3696 -et

262 3737 499 3806 Victor
555 3737 624 3796 in
676 3737 1016 3820 Epitome‚
1078 3749 1145 3797 et
1190 3754 1270 3797 ex
1314 3734 1441 3796 hoc
1486 3733 1751 3797 nomine

266 3835 570 3901 Goltzius
642 3841 713 3913 Q.
769 3842 1055 3901 Nonium
1105 3839 1537 3915 Reqt’llianum
1598 3854 1752 3896 suae

265 3935 670 4000 auctoritatis
717 3947 817 3999 est
865 3937 1257 4008 fabricatus„
1303 3937 1755 4017 Ileyallianum

267 4039 433 4115 dixit
475 4039 709 4106 Victor
768 4038 1263 4116 inscaesaribus
1295 4035 1388 4116 b),
1449 4051 1514 4099 at
1572 4036 1752 4097 numi

268 4141 567 4224 genuini,
643 4160 807 4225 quos
872 4138 1476 4223 moxproducam,
1555 4142 1622 4200 Ρ.
1691 4142 1751 4199 C.

267 4244 724 4321 Beqalianum,
787 4241 1041 4304 incerto
1101 4240 1265 4303 adeo
1323 4240 1538 4323 gentis
1597 4260 1751 4302 suae

254 4339 574 4414 nomine,
638 4360 784 4403 cum
829 4362 899 4401 το
943 4343 994 4404 C
1052 4343 1231 4405 varie
1276 4339 1483 4422 accipi
1526 4340 1750 4422 possit.

268 4440 425 4503 Fuit
457 4429 1009 4522 natione'Dacus,
1064 4459 1137 4508 et
1178 4441 1571 4508 credebatur
1614 4462 1755 4505 san-

336 4665 405 4732 ·a)
448 4645 509 4718 in
546 4663 823 4740 Tyranno
862 4663 1050 4722 xv11.

1251 4667 1321 4736 b)
1362 4665 1474 4722 sub
1509 4663 1803 4740 Gallieno.

1870 3635 2134 3719 guinem
2179 3657 2215 3697 a
2259 3631 2598 3700 Decebalo
2643 3632 2906 3696 ducere.
2995 3637 3154 3699 Cum
3194 3634 3353 3698 Gal·

1866 3737 2078 3798 lienus
2128 3738 2522 3817 Ingenuum,
2588 3731 2699 3818 qui
2757 3733 2977 3799 audito
3019 3736 3348 3804 Valeriani
3398 3782 3407 3791 .

1866 3836 2002 3898 fato
2061 3834 2471 3915 tyrannidem
2528 3834 2595 3896 in
2639 3835 2904 3916 Illyrico
2950 3836 3344 3918 arripuerat,

1866 3938 2038 4022 apud
2098 3937 2412 4000 Mur-siam
2475 3923 2858 4014 devicisset,
2929 3950 2998 3999 et
3056 3936 3349 4026 inhuma·
3395 4014 3410 4019 ·

1865 4060 1946 4098 na
2011 4037 2309 4099 barbarie
2371 4038 2437 4099 in
2498 4039 2686 4115 illos,
2747 4037 2859 4122 qui
2903 4036 2983 4098 ab
3026 4057 3108 4099 eo
3154 4050 3348 4099 stete-

1852 4151 2046 4215 rant,
2090 4139 2459 4212 saeviisset,
2502 4140 2752 4203 veritus
2796 4135 3125 4200 exercitus
3167 4137 3349 4199 Moe·

1867 4242 2118 4316 siacus,
2181 4259 2268 4302 ne
2310 4239 2488 4302 idem
2532 4240 2612 4303 ab
2656 4239 2823 4302 irato
2865 4239 3119 4303 victore
3171 4250 3348 4323 pate·

1864 4355 2084 4417 retur,
2128 4340 2558 4425 Regalianum
2591 4342 2954 4425 Augustum
2989 4339 3185 4414 dixit,
3229 4336 3349 4400 sed

1866 4442 2148 4504 eundem
2204 4455 2432 4526 postea
2497 4441 2894 4504 succedente
2951 4462 2987 4504 a
3043 4440 3346 4504 Gallieno
