4652 5937
1214 401 1409 509 c‘5216

1263 607 1648 694 porrigere,
1691 625 1767 668 ac
1804 602 1910 667 vel
1944 598 2099 665 inde
2152 596 2576 665 confirmatur
2611 618 2756 661 sen-

1255 710 1468 769 ‘tcntia
1534 726 1805 778 corum,
1891 706 2005 789 qui
2077 702 2564 767 Diocletianum
2645 701 2752 763 die

1096 793 1107 805 ⁵
1160 856 1163 867 ι
1261 811 1464 875 xvtl.
1505 807 1915 890 Septembris
1958 803 2101 886 ejus
2152 803 2309 866 anni*
2334 802 2754 867 Chalcedone

1262 911 1730 993 imperatorem
1766 906 2196 970 adclamatum
2239 904 2488 967 dixere.
2553 904 2753 984 (Vide

1264 1009 1674 1071 'l'illemontii
1702 1020 1923 1070 notam
1949 1008 1999 1068 1.
2031 1008 2097 1066 in
2116 1004 2438 1083 Dioclet.)
2484 1007 2584 1066 Ex
2622 1026 2754 1089 quo

1259 1111 1594 1182 videmus,
1639 1126 1914 1170 necesse
1966 1127 2099 1168 non
2151 1125 2334 1181 esse,
2393 1119 2467 1169 ut
2520 1119 2756 1168 statua-

1261 1231 1406 1274 mus
1439 1231 1589 1273 cum
1610 1210 1890 1291 Belleyo
1909 1253 1925 1284 ‚
1957 1231 1991 1271 a
2013 1206 2248 1270 Ca'rino
2267 1221 2335 1269 et
2353 1208 2755 1270 Numeriano

1258 1311 1676 1375 continuatos
1708 1310 1910 1393 patris
1949 1311 2097 1372 Cari
2143 1324 2346 1371 annos
2395 1307 2636 1384 fuisse,
2681 1321 2754 1370 ut

1259 1411 1438 1474 istud
1495 1411 1742 1474 factum
1802 1418 1839 1474 a'
1901 1411 2265 1474 Commodo
2328 1409 2625 1473 videmus
2672 1411 2755 1490 ⁸).

1262 1511 1536 1594 Alioqui
1588 1525 1725 1574 tota
1776 1512 1970 1595 hujus
2011 1511 2274 1596 imperii
2321 1511 2752 1596 chronologia

1262 1611 1616 1675 admodum
1650 1627 1750 1675 est
1783 1613 2182 1694 perturbata.

1252 1786 1259 1793 .
1383 1707 2265 1793 AGF.B.TPA,1.1„e92·o
2299 1716 2393 1776 11.
2445 1717 2752 1791 Trajana,

1256 1812 1647 1896 inscriptum
1690 1813 2031 1896 utriusque
2066 1813 2285 1875 fratris
2324 1816 2559 1877 numis.
2619 1817 2752 1878 Nu-

1257 1935 1401 1975 mos
1446 1914 1568 1976 hos
1614 1913 1901 1997 explicat
1948 1915 2077 1976 Dio
2115 1915 2417 1991 Cassius,
2462 1914 2750 1998 quiquo

1251 2014 1407 2079 loco
1446 2018 1529 2078 de
1578 2015 1947 2103 constitutis
2001 2015 2175 2077 varia
2226 2029 2438 2078 aetate
2475 2015 2751 2097 legioni·

1250 2114 1379 2181 bus
1398 2118 1693 2193 disserit,
1740 2117 1833 2180 sic
1861 2117 1951 2178 ait
1982 2115 2084 2198 ι));
2130 2115 2438 2195 Τραιανος
2463 2137 2533 2175 το
2556 2108 2753 2175 δευτε-

1256 2239 1353 2292 eov
1386 2239 1456 2277 το
1490 2220 1872 2301 Astyrum-to»,
1916 2239 2017 2277 uae
2052 2239 2122 2277 το
2155 2238 2474 2303 τριακρς-ρν
2500 2239 2570 2277 το
2599 2213 2751 2296 Γερ-

1254 2339 1534 2397 μανικον,
1587 2315 1629 2380 ἆ
1660 2341 1759 2379 και
1805 2316 1908 2397 ἀφ’
1942 2315 2119 2376 §auva
2154 2315 2545 2400 ἕπωνομασεν.
2596 2325 2750 2380 Tra-

1249 2423 1452 2492 ianus
1483 2419 1814 2502 legionem
1864 2421 1953 2481 11.
1998 2424 2418 2500 Aomdum,
2464 2431 2531 2483 et
2561 2422 2751 2498 triqe-

1257 2524 1491 2584 simam
1524 2516 1973 2584 Germanicam
2007 2520 2344 2583 constituit
2365 2564 2382 2595 ‚
2444 2524 2673 2602 quibus
2705 2541 2751 2580 a

1257 2641 1376 2683 suo
1397 2626 1650 2684 nomiae
1677 2642 1905 2684 nomen
1939 2625 2259 2701 imposuit.
2305 2620 2752 2703 comprobant

1255 2720 1428 2804 ergo
1474 2723 1543 2785 hi
1586 2724 1807 2798 numi,
1869 2743 2012 2785 eam
2067 2721 2401 2805 legionem
2461 2722 2583 2784 hac
2641 2720 2752 2783 ad·

1257 2821 1388 2884 huc
1435 2837 1644 2885 aetate
1692 2837 1985 2886 veterem
2036 2842 2219 2884 suam
2261 2822 2606 2886 stationem
2639 2821 2752 2883 ob-

1254 2923 1553 2986 tinuisse.

1245 3134 1352 3204 'De
1381 3145 1590 3205 titulis
1613 3146 1934 3219 Caesaris,
1983 3146 2385 3223 imperatoris
2401 3189 2417 3219 ‚
2467 3147 2748 3227 Augusti

1482 3249 1715 3309 Carino
1747 3258 1809 3308 et
1837 3250 2231 3310 Numeriano
2264 3248 2518 3308 delatis.

1382 3433 1687 3492 Caesares
1716 3439 1756 3492 'a
1789 3443 1975 3514 patre
2009 3449 2162 3492 mox
2186 3429 2335 3514 {most
2354 3429 2600 3495 aditum
2632 3433 2748 3510 im·

1255 3528 1514 3614 perium
1571 3531 1777 3594 fuisse
1822 3533 2074 3608 dictos,
2139 3533 2497 3616 scriptores
2554 3532 2748 3618 bujus

1253 3632 1400 3693 aevi
1441 3631 1586 3693 fere
1634 3653 1861 3695 omnes
1907 3647 2265 3708 testantur,
2334 3646 2528 3717 atque
2573 3633 2748 3695 istud

1242 3718 1533 3794 'vidimus
1566 3731 1943 3796 confirmari
1982 3734 2223 3796 numis.
2294 3736 2383 3797 At
2429 3753 2538 3795 res
2571 3734 2744 3796 inso-

1251 3833 1397 3912 lens
1448 3834 1767 3916 repetitus
1822 3834 1888 3896 in
1950 3835 2291 3919 utriusque
2352 3834 2567 3895 numis
2613 3846 2740 3895 tam

1244 3935 1538 4011 Latinis,
1585 3956 1775 4019 quam
1821 3935 2281 4000 Alexandrinis
2329 3938 2624 3998 Caesaris
2667 3935 2745 3994 ti·

1250 4033 1466 4112 tulus,
1514 4049 1585 4099 ut
1632 4037 1907 4100 vidimus
1952 4038 2020 4099 in
2064 4034 2600 4121 inscriptionibus
2644 4054 2748 4097 ca-

1252 4136 1501 4219 pitum,
1563 4136 1747 4219 cujus
1790 4159 2007 4222 neque
2052 4151 2274 4214 antea,
2338 4157 2552 4221 neque
2596 4148 2746 4220 post

1247 4237 1567 4300 ‘habemus
1608 4240 2001 4322 exemplum.
2088 4242 2233 4301 Non
2278 4238 2488 4301 audeo
2540 4239 2746 4321 expli·

1248 4356 1403 4401 care
1465 4339 1594 4404 hoc
1655 4341 1752 4402 rei
1800 4340 2288 4403 numismaticae
2348 4339 2740 4438 prodigium.

1325 4573 1386 4641 a>
1428 4570 1491 4624 Β.
1533 4569 1594 4625 L.
1634 4571 1798 4625 rom.
1842 4571 2002 4627 xxt.
2045 4573 2217 4630 Mem.
2256 4591 2315 4645 p.
2355 4543 2494 4634 483ss

1246 4658 1419 4717 Tem.
1461 4678 1523 4735 p.
1562 4665 1687 4720 430.

2628 4566 2697 4639 b>
2739 4568 2799 4625 L.
2841 4567 2964 4629 LV.
3006 4573 3055 4641 ς.
3096 4581 3185 4633 23.

1833 4664 1899 4731 e)
1940 4659 2086 4717 Crit.
2130 4661 2346 4718 Baron.
2389 4660 2462 4716 ad
2507 4679 2598 4717 an.
2642 4659 2749 4717 Cb.
2790 4668 2917 4723 283·
2959 4663 3011 4732 ὁ·
3052 4659 3106 4722 δέ

2543 413 3080 490 CARINVS.

2871 596 3004 692 Qui
3056 595 3466 682 conjecturas
3531 610 3728 675 amat,
3806 598 3994 662 adeat
4070 602 4389 687 Spanhe-

2867 698 3070 760 ‘mium
3104 699 3199 780 c)‚
3247 713 3310 760 et
3339 697 3786 763 Froelicbium
3822 701 3910 783 d).

2994 803 3676 885 Imperator-uterque
3735 802 3803 863 in
3860 802 4079 864 numis
4134 802 4382 867 addito

2865 896 3014 961 'solo
3058 900 3263 966 Noss.
3310 901 3557 965 CAES.
3599 914 3666 963 et
3704 902 3947 988 absque
3988 905 4186 967 titulo
4228 911 4382 968 Au-

2862 1006 3043 1082 qusti
3089 1001 3326 1065 dicitur
3380 1000 3448 1061 in
3501 1002 3714 1063 numis
3765 1004 4121 1080 Romanis,
4181 1020 4255 1068 et
4293 1008 4378 1068 in

2868 1086 3328 1165 Alexandrinis
3403 1096 3615 1166 ΑΤΤ.
3696 1103 3776 1165 Κ.
3856 1103 4108 1190 absque
4141 1104 4372 1169 ⁴CCB.

2867 1206 3165 1268 lnsolens
3224 1203 3432 1278 istud,
3491 1223 3622 1266 non
3668 1216 3884 1267 tamen
3929 1207 4098 1269 citra
4141 1228 4378 1273 exem-

2866 1306 3084 1388 plum,
3145 1318 3242 1367 uh
3261 1303 3535 1367 ostendi
3609 1305 3877 1388 copiose
3932 1307 4000 1368 in
4095 1325 4371 1373 mouet·

2870 1406 3166 1473 Salonini
3192 1392 3478 1469 Gallieni
3511 1407 3586 1467 F.
3674 1406 3912 1469 Collati
3956 1408 4154 1491 hujus
4183 1413 4365 1474 tituli

2868 1524 3125 1569 causam
3187 1507 3588 1570 luculentam
3661 1510 3955 1593 suggerit
4006 1513 4363 1596 Vopiscus,

2867 1608 2998 1692 quo
3044 1621 3210 1672 teste
3255 1610 3458 1671 Carus
3515 1609 3582 1670 in
3627 1609 3970 1673 Orientem
4016 1613 4360 1696 profectus

2867 1723 3020 1770 natu
3058 1708 3375 1791 majorem
3411 1711 3717 1772 Carinum
3745 1711 3811 1772 in
3850 1712 4222 1778 Occidente
4257 1735 4362 1778 ιε·

2866 1808 3060 1894 liquit
3099 1808 3390 1874 decretis
3449 1811 3552 1872 illi
3595 1811 3864 1888 Galliis,
3923 1813 4150 1892 Italia,
4202 1817 4356 1898 my-

2864 1910 3041 1986 rico,
3088 1913 3451 1997 Hispaniis,
3496 1912 3869 1987 Britannia,
3934 1916 4196 1994 Africa,
4240 1924 4358 1980 in-

2856 2017 3078 2091 perio,
3123 2028 3197 2076 ut
3236 2016 3365 2088 ait,
3429 2018 3850 2090 Caesariano,
3909 2038 3997 2079 ea
4048 2022 4227 2098 leffe,
4287 2033 4358 2082 ut

2864 2118 3080 2176 omnia
3089 2119 3372 2197 faceret,
3418 2135 3584 2200 quae
3600 2118 4191 2198 Auqustifacinnt·
4231 2122 4356 2183 Er-

2864 2235 2950 2297 go
2982 2216 3195 2279 Carus
3247 2215 3490 2292 filium,
3535 2226 3609 2276 ut
3645 2215 3804 2277 olim
3857 2219 4198 2282 Gallienus
4239 2221 4356 2282 Sa·

2861 2313 3153 2378 loninum
3177 2362 3194 2391 ‚
3229 2314 3654 2399 'imperatoris
3686 2329 3753 2377 et
3786 2318 4049 2379 nomine
4080 2335 4146 2380 et
4173 2335 4357 2403 pote-

2855 2429 3029 2491 state
3072 2416 3361 2490 ornavit,
3408 2431 3478 2477 ut
3520 2415 3768 2496 majore
3807 2417 3873 2478 in
3927 2434 4103 2482 tanto
4150 2422 4358 2505 impe-

2865 2517 2966 2580 rio
3008 2518 3296 2602 polieret
3337 2516 3760 2591 auctoritate,
3801 2539 3933 2602 qua
3963 2540 4226 2605 quoque
4267 2521 4353 2587 de

2866 2638 3059 2681 causa
3095 2618 3415 2701 permissa
3461 2617 3525 2679 ei
3557 2618 3769 2679 adhuc
3804 2618 4069 2682 Caesari
4100 2627 4212 2685 Pii
4239 2627 4356 2687 Fo-

2866 2722 3015 2782 licis
3057 2720 3317 2780 nomina
3344 2720 3661 2811 suspicor.
3747 2721 4174 2805 Imperatoris
4209 2723 4358 2787 titu-

2865 2819 3002 2880 lum
3033 2841 3068 2881 a
3101 2833 3288 2904 patre
3333 2821 3615 2883 delatum
3655 2842 3922 2908 quoque
3954 2826 4356 2890 Numeriano

2798 2917 2810 2927 ⁰
2867 2939 2998 2981 non
3048 2922 3311 3005 quidem
3360 2921 3696 3001 historici,
3741 2924 3860 2989 sed
3901 2925 4085 2988 numi
4127 2941 4352 3012 aperte

2866 3020 3125 3086 docent.

2991 3128 3340 3205 Aet-qustum
3369 3126 3473 3198 ,Vt
3508 3140 3761 3188 certum
3805 3142 3944 3204 est,
3990 3129 4194 3190 fuisse
4222 3130 4348 3192 hot:

2860 3224 3114 3287 honore
3173 3225 3479 3303 donatos,
3545 3227 3632 3289 ita
3671 3228 3921 3291 variant
3970 3229 4347 3300 sententiae,

2864 3326 3124 3411 quando
3166 3325 3338 3390 hunc
3384 3329 3517 3389 illis
3579 3329 3892 3390 tributum
3941 3329 4197 3418 titulum
4242 3351 4348 3392 ex·

2862 3427 3278 3490 istimandum
3344 3428 3450 3491 sit.
3534 3431 3823 3492 Censent
3882 3431 4036 3507 alii,
4108 3429 4343 3493 factum

2863 3527 3038 3590 istud
3074 3543 3260 3612 patre
3300 3528 3486 3604 vivo,
3533 3529 3643 3592 alii
3678 3532 3936 3593 nonnisi
3974 3533 4100 3595 boc
4125 3533 4345 3594 defun·

2862 3644 2992 3694 cto.
3037 3630 3280 3714 Pagio‚
3329 3630 3439 3714 qui
3473 3632 3759 3714 priorem
3794 3636 4181 3696 sententiam
4218 3654 4345 3695 am·

2859 3731 3093 3815 plexus
3129 3745 3232 3793 est
3273 3733 3371 3814 e)‚
3416 3730 3843 3796 fortissimum
3895 3748 4340 3819 argumentum

2859 3833 2985 3898 visi
3043 3833 3226 3895 numi
3285 3854 3403 3896 seu
3448 3835 3703 3909 Carini,
3768 3855 3885 3897 seu
3945 3833 4335 3908 Numeriani,

2858 3935 3158 4020 inscripti
3184 3959 3200 3999 ε
3230 3937 3554 4003 VIRTVS
3607 3935 3964 4014 AVGGG.‚
4002 3958 4185 4022 ergo,
4220 3938 4341 4019 aje-

2858 4036 3002 4112 bat,
3051 4050 3186 4098 tres
3230 4059 3354 4099 una
3388 4035 3579 4098 fuere
3614 4038 3923 4120 Augusti,
3970 4061 4208 4124 nempe
4239 4060 4342 4123 pa-

2858 4149 2965 4198 ter
3010 4157 3156 4225 cum
3197 4136 3349 4197 filiis
3405 4136 3699 4212 duobus,
3761 4139 3920 4201 item
3969 4142 4154 4202 numi
4201 4139 4335 4202 alii-z

2859 4239 3166 4307 CARVS.
3206 4237 3346 4303 ET.
3394 4240 3786 4305 CARJNVS.
3835 4239 4137 4315 AVGG.‚
4183 4256 4334 4324 quae

2857 4337 3229 4402 testimonia
3285 4340 3527 4403 invicta
3587 4342 3723 4404 visa
3768 4355 3914 4402 sunt
3973 4341 4102 4425 ipsi
4147 4343 4334 4405 Tille-

3332 4572 3393 4642 c)
3435 4571 3599 4629 Tom.
3642 4571 3713 4631 11.
3754 4592 3814 4650 p.
3853 4582 3978 4636 355.
4131 4571 4199 4644 d)
4235 4569 4327 4629 lv.
