4652 5937
1329 498 1423 568 ao
1703 457 1712 467 '
2144 482 2157 497 ·
2280 448 2894 554 FAvsT'INA
2995 472 3467 548 SENIOR.

1450 666 1598 725 Alia·
1626 664 1870 724 similes
1892 704 1909 734 ‚
1975 666 2093 723 aed
2136 667 2320 727 abest
2367 665 2699 744 templum,
2759 672 2827 725 et

1324 754 1508 846 Atys.
1567 765 1705 825 AE.
1736 766 1786 825 1.
1817 765 2017 840 (Mus.
2054 766 2314 845 caes.)-

1234 944 1237 947 .
1453 871 1677 948 'l'ypus
1716 864 2018 946 Cybeles,
2067 866 2204 927 sive
2242 865 2471 929 Matris
2494 865 2684 930 deum
2709 866 2821 929 ob·

1322 969 1468 1031 vius
1517 980 1616 1030 est
1667 967 1734 1028 in
1788 978 2048 1027 moneta
2101 965 2292 1049 hujus
2323 968 2674 1030 Faustinae
2691 991 2711 1048 3
2757 982 2822 1032 at

1325 1089 1525 1130 numo
1558 1068 1763 1151 priori
1781 1067 2062 1151 pretium
2084 1067 2241 1130 facit
2273 1068 2617 1131 adstitutus
2634 1071 2817 1150 Atys,

1329 1169 1610 1252 Cybeles
1657 1184 1722 1230 et
1773 1169 2118 1244 sacerdos,
2183 1184 2250 1233 et
2299 1171 2599 1234 amasius.
2678 1154 2820 1233 Stat

1324 1270 1442 1334 ille
1474 1271 1557 1333 ad
1587 1270 1915 1345 arborem,
1960 1290 2235 1354 eamque
2271 1273 2631 1355 contingit,
2679 1275 2818 1336 sive

1324 1372 1502 1456 quod
1552 1392 1588 1433 a
1643 1371 1887 1453 Cybele
1933 1372 2000 1432 in
2050 1372 2256 1434 vetito
2311 1393 2537 1437 amore
2586 1374 2821 1457 ‹lepre-

1322 1472 1589 1546 hensus,
1635 1486 1702 1534 et
1732 1472 1814 1534 ad
1846 1493 2122 1556 poenam
2156 1475 2486 1558 quaesitus
2522 1474 2640 1536 sub
2658 1477 2818 1558 pinu

1320 1572 1547 1645 latuit,
1597 1572 1734 1634 sive
1774 1574 1949 1658 quod
1983 1594 2215 1638 revera
2262 1597 2298 1636 a
2332 1575 2579 1656 Cybele
2614 1591 2820 1639 muta-

1321 1688 1426 1736 tus
1486 1674 1553 1734 in
1617 1674 1842 1756 pinum
1904 1689 2036 1750 est,
2115 1695 2281 1758 quae
2347 1678 2814 1740 nonnullorum

1323 1788 1472 1835 sunt
1506 1774 2039 1865 mythologorum
2063 1776 2427 1858 opiniones,
2470 1779 2606 1840 sive
2639 1779 2816 1863 quod

1320 1876 1519 1937 arbor
1573 1877 1737 1937 haec
1795 1896 1870 1936 ea
1946 1876 2085 1960 ipsa
2148 1891 2325 1954 erat,
2410 1900 2534 1961 qua
2606 1892 2812 1943 stante

1321 1991 1388 2041 et
1439 1979 1697 2060 integra
1746 1976 2084 2059 Nymphae
2135 1979 2557 2062 Sagaritidis,
2619 2002 2812 2065 quam

1316 2079 1373 2141 is
1426 2078 1625 2141 invita
1673 2077 1919 2160 Cybele
1976 2078 2355 2163 deperibat,
2415 2083 2589 2143 salus
2648 2084 2813 2144 nite·

1317 2180 1551 2256 batur,
1625 2199 1947 2263 quamque
2020 2194 2374 2263 propterea
2448 2176 2611 2246 irata
2690 2182 2813 2245 dea

1316 2282 1540 2344 multis
1594 2280 1981 2342 vulneribus
2032 2281 2311 2344 succidit
2343 2285 2422 2363 ⁸).
2501 2285 2810 2348 Ceterum

1316 2394 1677 2444 memorata
1724 2381 1791 2440 in
1837 2380 1938 2441 his
1980 2382 2193 2443 numis
2234 2387 2446 2445 Mater
2481 2389 2666 2447 deum
2708 2409 2811 2447 aa·

1315 2486 1550 2546 lutaris
1605 2495 1706 2543 est
1754 2479 2136 2565 famigerata
2190 2483 2302 2546 illa
2358 2487 2571 2547 Mater
2620 2488 2809 2550 Idaea

1313 2608 1349 2648 a
1406 2583 1717 2646 Romanis
1774 2583 1855 2645 ad
1933 2585 2310 2669 sopiendam
2367 2588 2806 2670 pestilentiam

1310 2687 1384 2749 in
1415 2685 1648 2748 urbem
1683 2683 1917 2756 accita,
1972 2684 2215 2768 ‹le-qua
2253 2707 2408 2748 mox
2459 2687 2626 2750 infra
2666 2690 2810 2773 plu-

1312 2809 1388 2849 ra
1430 2787 1513 2848 ad
1559 2807 1828 2848 numum
1876 2786 2391 2869 anepigraphum
2438 2791 2807 2872 argumenti

1314 2886 1574 2972 analogi
1612 2886 2034 2949 disseremus.
2074 2888 2325 2947 Numus
2360 2888 2565 2972 prior,
2611 2910 2806 2976 quem

1311 3010 1396 3052 ex
1442 3007 1671 3050 museo
1718 2986 1896 3069 regis
1951 2987 2307 3051 Galliarum
2354 2989 2648 3067 laudavi,
2705 3005 2806 3053 est

1314 3089 1512 3153 etiam
1559 3087 1737 3149 idem
1798 3088 1990 3171 plane
2058 3089 2126 3149 in
2176 3108 2405 3151 museo
2459 3092 2804 3170 Caesare0‚

1310 3188 1432 3254 sed
1501 3202 1721 3253 certus
1784 3189 2264 3265 contorniatus,
2342 3204 2412 3253 et
2484 3193 2802 3276 suspicor,

1311 3290 1606 3377 ejusdem
1683 3277 1943 3374 quoque
1998 3306 2268 3356 naturae
2333 3311 2480 3355 esse
2543 3293 2802 3378 regium

1312 3394 1662 3461 Gallicum.

1876 3642 1916 3681 a
2040 3598 2080 3637 ’
2204 3641 2245 3680 e

1326 3733 1335 3740 ,
1602 3703 1688 3764 Vt
1728 3705 1826 3764 lit.
1865 3705 1940 3764 B.

1307 3802 1746 3872 PVELLAE.
1801 3799 2471 3869 FAVSTINIANAE.
2557 3805 2802 3885 Βαρθο-

1304 3917 1442 3970 stus
1459 3951 1477 3982 ,
1523 3909 1595 3966 in
1624 3927 1748 3988 quo
1773 3909 2118 3985 imperator
2149 3914 2406 3983 toyatua
2438 3909 2662 3967 aedem
2688 3909 2804 3968 ad-

1314 4019 1526 4073 stante
1554 4011 1693 4070 alia
1718 4013 1932 4091 fiyura
1956 4011 2246 4089 puellam
2289 4009 2373 4067 ab
2407 4010 2550 4069 alia
2585 4010 2799 4088 fiyura

1304 4117 1587 4178 oblatam
1635 4121 1955 4191 acceptat,
2030 4112 2207 4192 inj'ra
2247 4110 2510 4188 puellae
2553 4111 2796 4185 plures.

1304 4216 1446 4282 AV.
1495 4214 1723 4295 (Vaill.
1775 4215 1942 4274 Mus.
1986 4210 2278 4293 Theup.)
2324 4209 2497 4285 AR„
2554 4206 2671 4270 sed
2728 4207 2796 4267 in

1308 4314 1410 4375 his
1454 4327 1644 4397 typus
1686 4311 1910 4375 differt
1960 4305 2215 4374 minore
2264 4309 2635 4393 puellarum
2679 4329 2797 4370 nu·

1305 4435 1514 4479 mero.
1573 4416 1775 4494 (Mus.
1833 4411 2052 4493 Caes.)

3059 658 3257 721 Numi
3287 671 3739 742 argumentum
3774 655 4057 740 insigne,
4106 663 4218 739 quo
4249 674 4357 717 con·

2919 757 3265 838 firmatur,
3342 760 3518 847 quod
3571 758 3795 843 paucis
3855 758 4084 821 verbis
4143 754 4358 816 absolvit

2939 863 3375 952 Capitolinus:
3427 866 3682 942 puellas
3721 862 4164 923 alimentarias
4205 862 4264 917 ia
4287 861 4363 919 Ιιο·

2935 986 3152 1027 norem
3181 969 3534 1028 Faustinae
3566 966 4037 1026 Faustinianas
4076 961 4362 1022 constitnit.

2936 1068 3082 1127 Non
3110 1087 3273 1149 ergo
3307 1066 3609 1127 Faustina
3631 1065 3769 1148 ipsa
3802 1064 3892 1146 pii
3929 1058 4120 1141 hujus
4148 1055 4369 1119 instituti

2936 1163 3057 1228 suit
3092 1182 3341 1245 auctor,
3387 1183 3458 1231 ut
3485 1166 4005 1230 Winkclmanno
4035 1162 4195 1224 facta
4222 1158 4368 1237 hujus

2934 1271 3113 1331 numi
3150 1272 3480 1333 mentione
3513 1267 3858 1332 adfirmare
3890 1263 4140 1351 placuit
4165 1257 4242 1339 ¹²).
4277 1259 4374 1320 De-

2935 1384 3191 1434 cretum
3248 1372 3451 1456 igitur
3496 1392 3532 1433 a
3577 1369 3858 1448 Traiano
3904 1365 4126 1430 soboli
4166 1360 4373 1424 Italicae

2931 1470 3323 1536 beneficium
3358 1470 3505 1556 pius
3538 1471 3646 1535 hic
3679 1471 4045 1555 imperator
4075 1486 4203 1526 non
4223 1457 4374 1523 modo

2931 1588 3264 1658 praestare
3334 1573 3667 1657 perrexit,
3748 1571 3862 1633 sed
3923 1560 4286 1634 ⁴constitutis
4327 1561 4378 1622 in

2932 1675 3157 1737 uxoris
3206 1675 3524 1737 honorem
3585 1672 3824 1759 puellis
3876 1671 4026 1735 aliis
4078 1661 4378 1751 ampliavit.

2889 1814 2892 1817 ¹
2931 1778 3020 1840 Et
3059 1798 3218 1840 vero
3249 1778 3582 1861 impensae
3616 1777 3681 1837 in
3724 1774 3790 1836 id
3832 1793 4047 1857 genus
4090 1768 4382 1832 alimento-

2929 1903 3075 1942 rum
3126 1878 3206 1942 ab
3236 1879 3565 1941 Antonino
3589 1897 3784 1942 curae
3820 1875 4161 1938 luculente
4200 1863 4383 1929 memi-

2927 1982 3021 2043 nit
3057 2001 3382 2057 marmor,
3429 1980 3606 2063 quod
3624 1978 3951 2041 Antonino
3988 1976 4061 2037 in
4095 1970 4383 2035 tribunatu

2927 2084 3073 2147 XII.
3148 2093 3509 2166 posuerunt
3577 2081 3864 2145 PVERI.
3929 2079 4089 2141 ET.
4162 2068 4383 2137 PVEL·

2927 2186 3123 2246 ΒΑΕ.
3213 2183 3784 2244 ALIMENTARI.
3846 2172 4378 2248 CVPRIENSES.

2928 2284 3360 2348 MONTANI.
3415 2284 3474 2362 Φ)
3574 2295 3708 2343 tum
3785 2284 4251 2345 Gruterianum
4309 2270 4378 2346 ἃ),

2927 2385 3101 2470 quod
3154 2389 3232 2449 Τ.
3287 2386 3517 2448 AELI.
3560 2385 4013 2448 HADRIANI.
4059 2374 4383 2444 ANTONI-

2925 2490 3036 2549 NI.
3099 2486 3298 2552 AVG.
3370 2488 3509 2548 PII.
3579 2486 3845 2563 PON'P.
3911 2486 4130 2546 MAx.
4191 2477 4383 2543 TRIB.

2923 2589 3351 2662 Po'rstmt.
3405 2590 3581 2648 IMP.
3642 2588 3718 2647 11.
3779 2586 3970 2650 COS.
4029 2587 4172 2647 1111.
4217 2584 4282 2643 P.
4327 2578 4382 2636 Ρ.

2923 2688 3185 2752 FILIO.
3219 2689 3504 2767 (scilicet
3522 2691 3612 2755 Μ,
3637 2686 3942 2764 Aurelio)
3972 2686 4258 2753 PVEm.
4273 2680 4386 2741 ET.

2921 2791 3353 2857 PVELLAE.
3410 2790 3983 2851 ALIMENTARI.
4034 2793 4383 2873 posuerunt,

2922 2905 3058 2953 tum
3122 2891 3316 2954 etiam
3397 2911 3687 2951 marmor
3744 2891 4159 2974 proximum,
4236 2878 4385 2971 quod

2920 2995 3164 3059 DIVO.
3223 2993 3717 3056 ANTONINO.
3755 2990 3951 3058 AVG.
4000 2991 4178 3055 Plo.
4235 2984 4384 3049 ALI-

2921 3096 3346 3156 MENTARL
3389 3093 3625 3168 iidem,
3692 3106 3761 3155 et
3808 3094 4055 3156 mortui
4101 3084 4388 3177 principis

2916 3193 3239 3259 beneficia
3287 3208 3473 3281 grato
3526 3193 3743 3256 animo
3808 3194 4185 3257 recolentes
4236 3184 4389 3250 dedi·

2919 3310 3252 3360 caverunt.
3340 3297 3445 3359 Ad
3503 3296 3629 3359 hoc
3689 3295 3886 3378 etiam
3953 3289 4389 3378 argumentum

2915 3398 3249 3480 pertinent
3306 3397 3487 3460 numi
3545 3396 3856 3460 Antonini
3900 3396 3969 3459 in
4018 3397 4166 3480 ejus
4212 3388 4390 3456 tribu·

2915 3512 3072 3561 natu
3119 3501 3354 3560 XXIII.
3406 3513 3475 3562 et
3515 3498 3752 3567 XXIV.
3805 3498 4072 3583 signati,
4137 3499 4206 3559 in
4256 3506 4393 3577 quo·

2914 3621 3062 3662 rum
3124 3621 3352 3663 aversa
3416 3601 3696 3684 legitur:
3760 3602 4145 3665 ΡῙΕΤΑΤῙ.
4206 3591 4384 3661 AVG·

2916 3699 3106 3766 COS.
3156 3704 3299 3766 1111.
3337 3715 3404 3763 et
3441 3715 3634 3784 typus
3671 3717 3808 3765 est:
3855 3706 4089 3766 Mulier
4124 3701 4391 3771 stantun

2914 3791 3226 3888 infantem
3258 3806 3326 3863 ia
3355 3806 3502 3866 aina
3533 3816 3796 3884 ⁸aestans
3818 3849 3834 3881 ,
3879 3807 4037 3867 aliis
4052 3808 4263 3883 Juxta
4293 3795 4390 3860 ad·

2915 3907 3267 3980 stantibus,
3312 3903 3552 3988 insigni
3587 3905 3864 3969 collatae
3903 3904 3971 3966 in
3990 3919 4281 3969 teneram
4303 3896 4391 3982 ju·

2913 4019 3248 4069 ventutem
3296 4004 3438 4089 opis
3484 4005 3806 4091 imagine,
3865 4020 4060 4091 atque
4109 4006 4266 4071 item
4310 3997 4390 4061 al·

2912 4120 3017 4169 ter
3047 4107 3364 4199 maximae
3423 4106 3712 4184 formae,
3759 4126 3952 4194 quem
3989 4107 4142 4173 vide
4178 4101 4258 4172 ad
4291 4117 4388 4164 an⁶

2910 4226 3065 4269 num
3108 4207 3191 4274 V.
3228 4207 3301 4271 C.
3348 4217 3494 4290 904.
3544 4206 3859 4272 Antonini
3904 4211 4215 4293 exemplo
4261 4217 4388 4278 ⁵1¹⁰·

2910 4325 3140 4371 cessor
3178 4311 3268 4372 M.
3297 4310 3605 4375 Aurelius
3632 4330 3834 4373 novas
3860 4314 4120 4392 puellas
4148 4303 4386 4373 Fama·-

2909 4412 3149 4472 m‘anas
3161 4416 3447 4476 instituit
3463 4417 3533 4476 ἐκ
3549 4415 3842 4476 honorem
3861 4416 4086 4477 uxoria
4099 4420 4383 4477 mortuae.

1411 4672 1476 4743 a)
1515 4665 1677 4728 Ovid
1702 4667 1857 4724 Fast.
1887 4663 1989 4726 IV.
2004 4673 2129 4729 223.
2277 4661 2349 4735 b)
2387 4659 2535 4718 Hists
2562 4672 2668 4719 art.
2687 4660 2823 4726 Vol.
2859 4661 2935 4727 Π.
2965 4681 3101 4743 pag.
3131 4670 3258 4737 393.
3284 4658 3427 4722 edit.
3463 4663 3513 4724 F
3513 4681 3630 4724 eae.
3782 4664 3845 4737 ο)
3880 4663 4147 4724 Donatus
4180 4647 4379 4735 Suppl.

1225 4719 1235 4727 ν
1302 4760 1382 4819 ad
1415 4740 1647 4820 Murati'
1664 4778 1728 4836 p.
1764 4762 1891 4822 334.
1931 4765 1983 4818 2.
2132 4750 2202 4827 d)
2230 4753 2374 4830 Pag.
2423 4762 2577 4815 ¹022.
2604 4754 2659 4816 6.
